@article{arcavi08,
	title = {Modelling with graphical representations},
	author = {Arcavi, A.},
	journal = {For the Learning of Mathematics},
	number = {2},
	volume = {28},
	year = {2008},
	pages = {2-10}
}

@misc{laborde15,
	title = {Matemática con Tecnología. Entrevista a Colette Laborde},
	author = {Laborde, C.},
	day = {19},
	month = {3},
	year = {2015},
	note = {Archivo de video},
	url = {https://www.youtube.com/watch?v=1vqJ1OOJMU0}
}

@book{maggio12,
	title = {Enriquecer la enseñanza. Los ambientes con alta disposición tecnológica como oportunidad.},
	author = {Maggio, M.},
	year = {2012},
	note = {Paidós}
}

@article{mcknight00,
	title = {Mathematics Education Research: A Guide for the Research Mathematician},
	journal = {American Mathematical Society},
	author = {McKnight, C. and Magid, A. and Murphy, T. and McKnigt, M.},
	year = {2000},
}

@book{mcmillan05,
	title = {Investigación Educativa. Una introducción conceptual},
	author = {McMillan, J. and Schumacher, S.},
	year = {2005},
	note = {Pearson Addison Wesley}
}

@article{palmas18,
	title = {La tecnología digital como herramienta para la democratización de ideas matemáticas poderosas},
	author = {Palmas Pérez, S.},
	year = {2018},
	journal = {Revista Colombiana de Educación},
	number = {74},
	pages = {109-132}
}

@article{shahmohammadi19,
	title = {Opportunities and Challenges in Using Dynamic Software in Mathematics Education},
	author = {Shahmohammadi, S.},
	year = {2019},
	journal = {International Journal for Infonomics},
	volume = {12},
	number = {1},
	pages = {1834-1840}
}

@article{winicki06,
	title = {Las definiciones en matemáticas y los procesos de su formulación: algunas reflexiones},
	author = {Winicki Landman, G.},
	year = {2006},
	journal = {Acta Latinoamericana de Matemática Educativa},
	number = {19},
	pages = {528-537}
}