@book{bernstein89,
	title = {Clases, código y control},
	author = {Bernstein, B},
	year = {1989},
	publisher = {Morata}
}

@book{laville04,
	title = {Saber y relación pedagógica},
	author = {Blanchard Laville, C.},
	year = {2004},
	publisher = {UBA y Ediciones Novedades Educativas}
}

@conference{canada19,
	title = {Las posibilidades relacionales con el conocimiento en prácticas educativas mediadas por juegos},
	author = {Cañada, D.},
	year = {2019},
	month = {10},
	booktitle = {XXIV Jornadas de Investigación de la Facultad de Ciencias Humanas},
	organization = {Universidad Nacional de La Pampa}
}

@conference{cucen18,
	title = {Taller sobre Formación Disciplinar Específica y PPD en los Profesorados Universitarios de Ciencias Exactas y Naturales},
	author = {CUCEN},
	year = {2018},
	booktitle = {Libro de resúmenes},
	organization = {Universidad Nacional de San Luis}
}

@article{difranco20,
	author = {Di Franco, N. and Ferreyra, N. and Uribe, W.},
	year = {2020},
	title = {Prácticas de Saber, una configuración topológica singular de contratransferencia},
	journal = {Acta Latinoamericana de Matemática Educativa, ALME 33},
	pages = {653 - 662},
	note = {Comité Latinoamericano de Matemática Educativa A. C., México, D.F.},
	issn = {2448‐6469}
}

@book{difranco18,
	title = {Relaciones con el saber en las prácticas de formación del Profesorado de Matemática},
	author = {Di Franco, N.},
	year = {2018},
	isbn = {978-950-863-346-0},
	publisher = {EdUNLPam}
}

@article{difranco11,
	title = {El Campo de las Prácticas Docentes como una experiencia de praxis prefigurativa},
	author = {Di Franco, M.G. and Siderac, S. and Di Franco, N. B.},
	year = {2011},
	journal = {II Jornadas Internacionales: Fronteras, Ciudadanía y Conformación de Espacios en el Cono Sur},
	publisher = {FCH–UNLPam},
	note = {Universidad Nacional de Río Cuarto}
}

@article{difrancosiderac20,
	title = {El currículum universitario como proyecto político para una mayor justicia entre saberes},
	author = {Di Franco, M.G. and Siderac, S. and Di Franco, N. B.},
	year = {2020},
	journal = {Anuario de la Facultad de Ciencias Humanas UNLPam, Vol. 16, Núm. 16 (2019)},
	pages = {1-19},
	publisher = {EdUNLPam},
	issn = {2314-3983}
}

@article{gallardo21,
	title = {La identidad heteroglósica como herramienta verbal-ideológica de análisis del discurso dialógico},
	author = {Gallardo, E. C. and Landeros, R. M.},
	journal = {Dialogía: revista de lingüística, literatura y cultura},
	year = {2021},
	number = {15},
	pages = {33-18}
}

@article{laborda20,
	title = {La tecnología en las relaciones con el saber matemático en las prácticas educativas del profesorado},
	author = {Laborda Caffarone, M.},
	year = {2020},
	journal = {VII Jornadas del Campo de las Prácticas de los Profesorados de Ciencias Exactas y Naturales, UNLPam},
	note = {UNLPam}
}

@article{laborda21,
	title = {El impacto de la tecnología en la Enseñanza y el Aprendizaje de la Matemática},
	author = {Laborda Caffarone, M.},
	year = {2021},
	journal = {II Simposio de Educación Matemática Virtual –II SEM V–},
	note = {Departamento de Ciencias Básicas de la Universidad Nacional de Luján}
}

@article{lapasta18,
	title = {Experiencias Curriculares y extracurriculares para la construcción de la Práctica Profesional Docente en la formación de profesores universitarios de Ciencias Exactas y Naturales},
	author = {Lapasta, L.},
	year = {2018},
	journal = {Taller sobre Formación Disciplinar Específica y PPD en los Profesorados Universitarios de Ciencias Exactas y Naturales},
	note = {CUCEN. Universidad Nacional de San Luis}
}

@inbook{mendoza20,
	chapter = {Los sentidos de las mediaciones lúdicas, tecnológicas y experimentales en las Prácticas Educativas en Matemática: entre las herramientas, las prácticas de inercia y las innovaciones declarativas},
	author = {Mendoza Virgili, D. C.},
	year = {2020},
	title = {Los juegos en entornos virtuales en las Prácticas Educativas de Matemática},
	pages = {232-253},
	publisher = {Amerindia},
	isbn = {978-987-1082-93-3}
}

@article{mendoza20b,
	title = {Los sentidos de las prácticas educativas en contextos de enseñanza remota (a veces virtual) en matemática},
	author = {Mendoza Virgili, D. C.},
	journal = {XLIII Reunión de Educación Matemática de la Reunión Anual de la Unión Matemática Argentina -virtUMA 2020-},
	year = {2020}
}

@article{ouvina11,
	title = {La pedagogía prefigurativa en el joven Gramsci. Una aproximación a la teoría y práctica de la educación futura},
	author = {Ouviña, H.},
	year = {2011},
	journal = {Gramsci y la educación: pedagogía de la praxis y políticas culturales en América Latina},
	note = {Noveduc}
}

@article{planas11,
	title = {Buenas Prácticas en la enseñanza de las Matemáticas en secundaria y bachillerato},
	journal = {J. M. Goñi (Coord.). Matemáticas. Investigación, innovación y buenas prácticas},
	author = {Planas, N.},
	year = {2011},
	pages = {57-157},
	note = {Graó}
}

@data{ce856, shorthand = {C.E. del C.I.N., 2013},
	type = {Resolución},
	title = {CE 856-13 Asuntos Académicos. Profesorados Universitarios},
	author = {Comité Ejecutivo del Consejo Interuniversitario Nacional},
	day = {14},
	month = {5},
	year = {2013}
}

@book{sousa06,
	title = {Renovar la teoría crítica y reinventar la emancipación social},
	author = {Sousa Santos, B.},
	year = {2006},
	note = {CLACSO}
}

@article{sousa18,
	title = {Introducción a las Epistemologías del Sur},
	author = {Sousa Santos, B.},
	journal = {Menesses, M.P. Bidaseca, K.(coords.) Epistemologías del Sur},
	year = {2018},
	note = {CLACSO/Coímbra: CES}
}