@misc{ahumada15,
	title = {Notas de estadística descriptiva},
	author = {Ahumada, C.},
	year = {2015},
	address = {Facultad de Ciencias Exactas - Universidad Nacional de Salta},
	keywords= {01}
}

@book{bressan08,
	title = {Probabilidad y estadística: cómo trabajar con niños y jóvenes},
	author = {Bressan, A. M. and Bressan, O.},
	year = {2008},
	publisher = {Novedades Educativas},
	keywords= {01}
}

@article{crippa98,
	title = {La evaluación de los aprendizajes},
	author = {Crippa, A. and Guzner, G.},
	year = {1998},
	journal = {Matemática. Temas de su didáctica},
	publisher = {Prociencia CONICET},
	keywords= {01}
}

@misc{migueldeguzman02,
	title = {Tendencias innovadoras en educación matemática},
	author = {Guzman, M. d.},
	year = {2004},
	keywords= {01}
}

@misc{buscadorformulas24,
	title = {Buscador de Fórmulas},
	url= {https://www.desafiandoexcel.com/buscador-de-formulas/},
	year={2024},
	keywords= {01}
}

@misc{ramirez22,
	title = {¿Qué son y para qué sirven las prácticas libres en Fórmula 1?},
	author = {Ramírez, S.},
	url = {https://www.sopitas.com/deportes/gran-premio-mexico-que-son-y-para-que-sirven-practicas-libres/},
	year={2022},
	keywords= {01}
}

@article{valverde10,
	title = {Enseñar y aprender con tecnologías: un modelo teórico para las buenas prácticas con TIC},
	volume={11},
	number={1},
	publisher = {Universidad de Salamanca}, 
	author={Valverde Berrocoso, J. and Garrido Arroyo, M. d. C. and Fernández Sánchez, R.},
	year={2010},
	keywords= {01}
}

@book{walpole12,
	title = {Probabilidad y estadística para ingeniería y ciencias},
	publisher = {Pearson Educación},
	author = {Walpole, R. E. and Myers, R. H. and Myers, S. L. and Ye, K.},
	year={2012},
	keywords= {01}
}