@book{ausubel1968,
	author    = {Ausubel, D. P.},
	title     = {Educational Psychology: A Cognitive Viewpoint},
	publisher = {Holt, Rinehart and Winston},
	year      = {1968},
	keywords  = {14},
}

@article{bahamonde2001,
	author    = {Bahamonde, N. and Baraldo, L. and Labate, H. and Tignanelli, H.},
	title     = {Estrategias de capacitación docente para potenciar la enseñanza de las ciencias naturales en la escuela},
	journal   = {Revista de Enseñanza de las Ciencias},
	volume    = {Edición Especial, tomo I},
	pages     = {449--450},
	year      = {2001},
	location  = {Barcelona},
	keywords  = {14},
}

@book{dewey1916,
	author    = {Dewey, J.},
	title     = {Democracy and Education: An Introduction to the Philosophy of Education},
	publisher = {The Macmillan Company},
	year      = {1916},
	keywords  = {14},
}

@book{douglas2004,
	author    = {Douglas, J. and Iversen, E. and Kalyandurg, C.},
	title     = {Engineering in the K-12 classroom: An analysis of current practices and guidelines for the future},
	publisher = {ASEE Engineering K12 Centre},
	location  = {Washington},
	year      = {2004},
	keywords  = {14},
}

@article{greca2020,
	author    = {Greca, I. M. and Ortiz-Revilla, J. and Arriassecq, I.},
	title     = {Diseño y evaluación de una secuencia de enseñanza-aprendizaje STEAM para Educación Primaria},
	year      = {2020},
	keywords  = {14},
}

@misc{grupo2023,
	author    = {{Grupo Interacadémico ANCiU, ANIU, ANM}},
	title     = {La educación STEM en Uruguay: Desafío de todos - Resumen consolidado final},
	year      = {2023},
	keywords  = {14},
}

@book{korfo2017,
	author    = {{Korfo, Fundación Chile}},
	title     = {Preparando a Chile para la sociedad del conocimiento - Hacia una coalición que impulse la Educación STEAM},
	year      = {2017},
	keywords  = {14},
}

@article{marinrios2023,
	author    = {Marín-Ríos, A. and Cano-Villa, J. and Mazo-Castañeda, A.},
	title     = {Apropiación de la educación STEM/STEAM en Colombia: una revisión a la producción de trabajos de grado},
	journal   = {Revista Científica},
	volume    = {47},
	number    = {2},
	pages     = {55--70},
	year      = {2023},
	keywords  = {14},
}

@misc{mineducnap,
	author    = {{Ministerio de Educación de la Nación}},
	title     = {Colección Núcleos de Aprendizajes Prioritarios (NAP)},
	note      = {educ.ar},
	url       = {https://www.educ.ar/recursos/150199/coleccion-ncleos-de-aprendizajes-prioritarios-nap},
	keywords  = {14},
}

@book{mineducficcion2014,
	author    = {{Ministerio de Educación de la Nación}},
	title     = {Ciencia y ficción. Colección Narrativas. Plan Nacional de Lectura},
	year      = {2014},
	keywords  = {14},
}

@article{ortizrevilla2021,
	author    = {Ortiz-Revilla, J. and Sanz-Camarero, R. and Greca, I. M.},
	title     = {Una mirada crítica a los modelos teóricos sobre educación STEAM integrada},
	journal   = {Revista Iberoamericana de Educación},
	volume    = {87},
	number    = {2},
	year      = {2021},
	keywords  = {14},
}

@misc{pisa2022,
	author    = {{PISA}},
	title     = {Results Summary | PISA 2022 results},
	year      = {2022},
	keywords  = {14},
}

@article{tignanelli2003,
	author    = {Tignanelli, H.},
	title     = {Sobre la debida multiculturalidad de una alfabetización científica},
	journal   = {Revista de Educación},
	number    = {5},
	publisher = {Editorial Océano (Digital)},
	keywords  = {14},
	year      = {2003},
}

@book{tignanelli2006,
	author    = {Tignanelli, H.},
	title     = {Indicadores de alfabetización científica. Proyecto Nacional de Alfabetización Científica},
	publisher = {Ministerio de Educación},
	year      = {2006},
	keywords  = {14},
}

@book{tignanelli2017,
	author    = {Tignanelli, H.},
	title     = {Sobre los procesos escolares para una alfabetización científica. La escuela construye aprendizajes},
	publisher = {Editorial Alaya},
	year      = {2017},
	keywords  = {14},
}

@book{tignanelli2022,
	author    = {Tignanelli, H.},
	title     = {Acompañar Ciencias Naturales en Espacios Comunitarios},
	publisher = {Ministerio de Educación de la Nación},
	year      = {2022},
	keywords  = {14},
}

@book{tignanelli2023,
	author    = {Tignanelli, H.},
	title     = {Documentos Nacionales de Ferias de Ciencias},
	publisher = {Ministerio de Educación de la Nación},
	year      = {2023},
	keywords  = {14},
}

@article{williams2011,
	author    = {Williams, P. J.},
	title     = {STEM Education: Proceed with Caution},
	journal   = {Design and technology education: an international journal},
	volume    = {16},
	year      = {2011},
	keywords  = {14},
}

@misc{yakman2008,
	author    = {Yakman, G.},
	title     = {STEAM Education: an overview of creating a model of integrative education},
	year      = {2008},
	url       = {https://www.researchgate.net/publication/327351326_STEAM_Education_an_overview_of_creating_a_model_of_integrative_education},
	keywords  = {14},
}

@misc{yakman2010,
	author    = {Yakman, G.},
	title     = {What is the point of STEAM: a brief overview of STEAM education},
	year      = {2010},
	url       = {https://www.academia.edu/8113832/What_is_the_Point_of_STEAM_A_Brief_Overview_of_STEAM_Education},
	keywords  = {14},
}
