@book{aristegui05,
	title = {Matemática 8},
	author = {Aristegui, R. and Graciani, A. and Mancini, G. and Ríos, L. and Sobico, C.},
	publisher = {Puerto de Palos, Buenos Aires},
	year = {2005}
}

@book{elliot90,
	title = {La investigación-acción en Educación},
	author = {Elliot, J.},
	year = {1990},
	publisher = {Morata, Madrid}
}

@book{guillen97,
	title = {El mundo de los poliedros},
	author = {Guillén Soler, G.},
	year = {1997},
	publisher = {Síntesis, Madrid}
}

@article{mantica19,
	title = {Análisis de la relación entre imagen y definición en una situación problemática mediada por GeoGebra a partir de no ejemplos del concepto de poliedro regular},
	author = {Mántica, A. y Freyre, M.},
	year = {2019},
	journal = {Educación Matemática},
	volume = {31},
	number = {1}
}

@book{mantica22,
	title = {Geometría en 3D},
	author = {Mántica, A. and Götte, M.},
	year = {2022},
	publisher = {Ediciones UNL, Santa Fé}
}

@book{mcknight00,
	title = {Mathematics Education Research: A Guide for the Research Mathematician},
	author = {Mc Knight, C. and Magid, T. and Murphy, E. and Mc Knigt, M.},
	year = {2000},
	publisher = {American Mathematical Society, Rhode Island}
}

@data{santafe14, shorthand = {Min. de Ed. de Santa Fé, 2014},
	title = {Diseño Curricular de Educación Secundaria Orientada},
	author = {Ministerio de Educación de la Provincia de Santa Fé},
	year = {2014},
	address ={Santa Fé}
}

@misc{poliedro, shorthand = {Wikipedia, s.f.},
	title = {Poliedro. Definición},
	author = {Wikipedia},
	url = {https://es.wikipedia.org/wiki/Poliedro}
}

@article{winicki00,
	title = {On Equivalent and Non-Equivalent Definitions Part I},
	author = {Winicki-Landman, G. and Leikin, R.},
	year = {2000},
	volume = {20},
	number = {1},
	pages = {17-21}
}