@book{abrate2006,
	author    = {Abrate, R. S. and Pochulu, M. D. and Vargas, J. M.},
	title     = {Errores y dificultades en Matemática: Análisis de causas y sugerencias de trabajo},
	edition   = {1},
	year      = {2006},
	publisher = {Universidad Nacional de Villa María, Buenos Aires},
	keywords = {08-monografia}
}

@article{arguedas2013,
	author    = {Arguedas, V.},
	title     = {La reina Dido de Cartago y el primer problema isoperimétrico conocido},
	journal   = {Revista Digital: Matemática, Educación e Internet},
	volume    = {13},
	number    = {2},
	year      = {2013},
	url       = {https://doi.org/10.18845/rdmei.v13i2.1064},
	keywords = {08-monografia}
}

@online{hernandez2011,
	author    = {Hernández, E.},
	title     = {Complementos para la formación disciplinar en matemáticas. Presentación de una clase},
	year      = {2011},
	url       = {http://verso.mat.uam.es/~eugenio.hernandez/11-12MasterFPS/Optimizacion.pdf},
	keywords = {08-monografia}
}

@article{herrero2011,
	author    = {Herrero, P. P. J.},
	title     = {Una historia del problema isoperimétrico clásico, con geometría elemental},
	journal   = {La Gaceta de la RSME},
	volume    = {15},
	number    = {2},
	pages     = {335--354},
	year      = {2011},
	url       = {https://gaceta.rsme.es/abrir.php?id=1083},
	keywords = {08-monografia}
}

@online{isoperimetria,
	title     = {Isoperimetría},
	year      = {2021},
	url       = {https://es.wikipedia.org/w/index.php?title=Isoperimetr%C3%ADa&oldid=134348272},
	note      = {Wikipedia, Fecha de consulta: diciembre 8, 2021},
	keywords = {08-monografia}
}

@online{lagrange,
	title     = {Joseph-Louis Lagrange},
	year      = {2021},
	url       = {https://es.wikipedia.org/w/index.php?title=Joseph-Louis_Lagrange&oldid=139595584},
	note      = {Wikipedia, Fecha de consulta: 23:34, diciembre 9, 2021},
	keywords = {08-monografia}
}

@online{prieto2013,
	author    = {Prieto de Carlos, C.},
	title     = {Conquistando terrenos y haciendo pompas de jabón},
	year      = {2013},
	url       = {https://vdocumento.com/conquistando-terrenos-y-haciendo-pompas-de-jabn-la-fundacin-de-cartago-en.html},
	note      = {2º Encuentro con los números, Universidad Nacional Autónoma de México},
	keywords = {08-monografia}
}

@book{rodriguez2017,
	author    = {Rodríguez, M. A.},
	title     = {Perspectivas metodológicas en la enseñanza y en la investigación en educación matemática},
	edition   = {2da edición, revisada y ampliada},
	year      = {2017},
	publisher = {Ediciones UNGS},
	address   = {Los Polvorines, Prov. de Buenos Aires},
	keywords = {08-monografia}
}

@book{zavala2014,
	author    = {Zavala Díaz, C. and Vakhania, N.},
	title     = {Aplicaciones modernas de optimización: La experiencia entre cuerpos académicos},
	year      = {2014},
	publisher = {Artificio Editores SA de CV},
	address   = {Distrito Federal, México},
	keywords = {08-monografia}
}

@article{damore2007,
	author    = {D’Amore, B. and Fandiño Pinilla, M. I.},
	title     = {Relaciones entre área y perímetro: convicciones de maestros y de estudiantes 1},
	journal   = {Revista latinoamericana de investigación en matemática educativa},
	volume    = {10},
	number    = {1},
	pages     = {39--68},
	year      = {2007},
	keywords = {08}
}

@misc{xxx2019,
	author    = {M. XXX},
	title     = {Programa de Cátedra: Epistemología e Historia de la Matemática},
	year      = {2019},
	note      = {Link a proveer},
	keywords = {08}
}

@incollection{godino2003,
	author    = {Godino, J. and Batanero, C. and Navarro, V.},
	title     = {Epistemología e instrucción matemática: implicaciones para el desarrollo curricular},
	booktitle = {Investigaciones sobre Fundamentos Teóricos y Metodológicos de la Educación Matemática},
	year      = {2003},
	url       = {http://www.ugr.es/batanero/publicaciones.html},
	keywords = {08}
}
