% !TeX encoding = UTF-8
@Conference{torres-montiel-cuevas,
	author = {Torres, C. and Montiel, G. and Cuevas, O.},
	title        = {Un entorno geométrico para la resignificaciónn de las razones trigonométricas en estudiantes de ingeniería},
	booktitle    = {Acta Latinoamericana de Matemática Educativa},
	year         = {2014},
	pages        = {890-898}
}

@Article{moore-k,
	author  = {Moore, K.},
	title   = {Quantitative reasoning and the sine function: The case of Zac},
	journal = {Journal for Research in Mathematics Education},
	year    = {2014},
	pages	= {45(1), 102-138}
}

@Article{duval-r,
	author	= {Duval, R.},
	title	= {Registres de représentations sémiotique et fonctionnement cognitif de la pensée},
	journal	= {Annales de Didactique et de Sciences Cognitives},
	publisher	= {Irem de Strasbourg},
	addres = {Francia},
	pages 	= {5, 37-65},
	url	= {https://mathinfo.unistra.fr/fileadmin/upload/IREM/Publications/Annales_didactique/vol_05/adsc5_1993-003.pdf},
	year = {1993}
}

@book{godino-batanero-font,
	author = {Godino, J. D. and Batanero, C. and Font, V.},
	title = {Fundamentos de la enseñanza y el aprendizaje de las matemáticas},
	publisher = {Dilbert Books},
	address = {Departamento de Didáctica de las Matemáticas, Universidad de Granada},
	year = {2003},
	ISBN	= {8493251062},
	url	= {http://www.ugr.es/local/jgodino/}
}

@mastersthesis{salazar-mendez,
	author = {Salazar Méndez, F.},
	year = {2020},
	title = {Situaciones didácticas para el aprendizaje de las identidades trigonométricas fundamentales a partir de un enfoque geométrico},
	publisher = {Universidad del Valle},
	type = {Trabajo de grado - Maestría}
}