@book{araujo2020a,
	author    = {Araujo, J. and Keilhauer, G. and Pietrocola, N.},
	year      = {2020},
	title     = {Orientaciones en la Geometría Elemental Tomo I},
	publisher = {Red Olímpica},
	keywords = {01},
}

@book{araujo2020b,
	author    = {Araujo, J. and Keilhauer, G. and Pietrocola, N.},
	year      = {2020},
	title     = {Orientaciones en la Geometría Elemental Tomo II},
	publisher = {Red Olímpica},
	keywords = {01},
}

@book{araujo2020c,
	author    = {Araujo, J. and Keilhauer, G. and Pietrocola, N.},
	year      = {2020},
	title     = {Orientaciones en la Geometría Elemental, Tomo I y II},
	publisher = {Red Olímpica},
	keywords = {01},
}

@book{fauring2000,
	author    = {Fauring, P. and Gutiérrez, F. and Pedraza, J. C.},
	year      = {2000},
	title     = {Olimpiadas Internacionales de Matemática, Problemas de Entrenamiento, Red Olímpica 2000},
	publisher = {Red Olímpica},
	keywords = {01},
}

@book{fauring2023,
	author    = {Fauring, P. and Gutiérrez, F. and Saucedo, M.},
	year      = {2023},
	title     = {Problemas 31 OMA},
	publisher = {Red Olímpica},
	keywords = {01},
}

@book{larson1983,
	author    = {Larson, L. C.},
	year      = {1983},
	title     = {Problem-Solving Through Problems},
	publisher = {Springer},
	keywords = {01},
}

@book{margaris1968,
	author    = {Margaris, A.},
	year      = {1968},
	title     = {First Order Mathematical Logic},
	publisher = {Dover Publications},
	keywords = {01},
}

@book{polya1945,
	author    = {Polya, G.},
	year      = {1945},
	title     = {How to Solve It: A New Aspect of Mathematical Method},
	publisher = {Princeton University Press},
	keywords = {01},
}
