@article{dreher15,
	title = {Teachers professional knowledge and noticing: The case of multiple representations in the mathematics classroom},
	year = {2015},
	author = {Dreher, A. and Kuntze, S.},
	journal = {Educational Studies in Mathematics}
}

@book{efimov84,
	title = {Geometría Superior},
	author = {Efimov, N.},
	year = {1984},
	note = {Mir}
}

@book{sangari21,
	title = {Geometría Euclidiana con GeoGebra},
	author = {Sángari, A. and Egüez, C.},
	year = {2021},
	note = {EUNSa}
}