@book{burgos1993,
	author    = {Burgos, J. d.},
	title     = {Álgebra Lineal},
	year      = {1993},
	publisher = {Editorial McGraw-Hill},
	keywords = {03}
}

@book{anton1998,
	author    = {Anton, H.},
	title     = {Introducción al Álgebra Lineal},
	edition   = {2},
	year      = {1998},
	publisher = {Editorial Limusa},
	keywords = {03}
}

@book{kolman2006,
	author    = {Kolman, B. and Hill, D.},
	title     = {Álgebra Lineal},
	year      = {2006},
	publisher = {Editorial Pearson},
	keywords = {03}
}

@book{benitez2015,
	author    = {Benitez, R.},
	title     = {Geometría Vectorial},
	year      = {2015},
	publisher = {Editorial Trillas},
	keywords = {03}
}

@book{ferragina2012,
	author    = {Ferragina, R. and Ammann, S.},
	title     = {GeoGebra entra al aula},
	year      = {2012},
	publisher = {Editorial Miñi y Dávila},
	keywords = {03}
}

@inbook{castro1997,
	author    = {Castro, E. and Castro, E.},
	title     = {Representaciones y Modelización},
	booktitle = {La Educación Matemática en la Enseñanza Secundaria},
	chapter   = {IV},
	bookauthor    = {Rico L.},
	year      = {1997},
	publisher = {Horsori},
	address   = {Barcelona},
	keywords = {03}
}

@article{cantoral2002,
	author    = {Cantoral, R. and Montiel, G.},
	title     = {Desarrollo del pensamiento matemático: el caso de la visualización de funciones},
	journal   = {Acta Latinoamericana de Matemática Educativa},
	year      = {2002},
	keywords = {03}
}

@article{arcavi2000,
	author    = {Arcavi, A. and Hadas, N.},
	title     = {El computador como medio de aprendizaje: ejemplo de un enfoque},
	journal   = {International Journal of Computers for Mathematical Learning},
	volume    = {5},
	pages     = {25-15},
	year      = {2000},
	keywords = {03}
}

@book{reina2012,
	author    = {Reina, G.},
	title     = {Nuevas tecnologías aplicadas a la educación: La clase no finaliza en el aula},
	year      = {2012},
	publisher = {Ugerman Editor},
	keywords = {03}
}

@book{villella1999,
	author    = {Villella, J.},
	title     = {Sugerencias para la clase de Matemática},
	year      = {1999},
	publisher = {Editorial Aique},
	keywords = {03}
}
