@book{birkhoff1999,
	author    = {Birkhoff, G. D. and Beatley, J. H.},
	title     = {Basic Geometry},
	volume    = {39},
	year      = {1999},
	publisher = {American Mathematical Society},
	keywords = {05}
}

@book{coxeter1997,
	author    = {Coxeter, H. S. M. and Greitzer, S. L. and Pedoe, D.},
	title     = {Geometry Revisited},
	year      = {1997},
	publisher = {Mathematical Association of America},
	keywords = {05}
}

@book{durell2003,
	author    = {Durell, C. V. and Robson, A.},
	title     = {Advanced Trigonometry},
	year      = {2003},
	publisher = {Dover Publications},
	keywords = {05}
}

@book{moise1990,
	author    = {Moise, E. E. and Downs, F. L.},
	title     = {Geometry},
	year      = {1990},
	publisher = {Addison-Wesley},
	keywords = {05}
}

@book{eves1963,
	author    = {Eves, H.},
	title     = {Estudio de las Geometrías, Tomos I y II},
	year      = {1963},
	publisher = {Editorial Uteha},
	keywords = {05}
}

@online{oma2023,
	organization    = {Olimpíada Matemática Argentina},
	title     = {Notas de Geometría},
	year      = {2023},
	url       = {https://www.oma.org.ar/notasdegeo/index.htm},
	keywords = {05}
}

@online{meccts2011,
	organization    = {Ministerio de Educación, Cultura, Ciencia y Tecnología de Salta},
	title     = {Núcleos de aprendizajes prioritarios},
	year      = {2011},
	url       = {http://www.edusalta.gov.ar/index.php/docentes/normativa-educativa/disenos-curriculares/diseno-curricular-para-educacion-secundaria/1277-diseno-curricular-para-educacion-secundaria-1/file},
	keywords = {05}
}

@book{fuxman2019,
	author    = {Fuxman Bass, J. I.},
	title     = {Resolviendo Problemas de Matemáticas},
	year      = {2019},
	publisher = {Red Olímpica},
	keywords = {05}
}
