@article{lluch18,
	title = {La competencia de aprender a aprender en el marco de la educación superior},
	author = {Lluch Molins, L. and Portillo Vidiella, M.},
	year = {2018},
	journal = {Revista Iberoamericana de Educación},
	volume = {78},
	number = {2},
	pages = {59-76}
}

@article{meirieu92,
	title = {Aprender, sí. Pero ¿Cómo?},
	author = {Meirieu, P.},
	journal = {Octaedro},
	note = {Madrid},
	year = {1992},
	pages = {30-39}
}

@book{johnsonbaugh00,
	title = {Matemáticas Discretas},
	author = {Johnsonbaugh, R.},
	year = {2000},
	publisher = {Prentice-Hall, México},
	pages = {485-499}
}

@phdthesis{castro94,
	title = {Exploración de patrones numéricos mediante configuraciones puntuales. Estudio con escolares de primer ciclo de secundaria (12-14 años)},
	author = {Castro, E.},
	year = {1994},
	type = {Tesis de doctorado},
	school = {Universidad de Granada}
}

@phdthesis{baez18,
	title = {Estrategia didáctica para el desarrollo conceptual procedimental en el cálculo diferencial de una variable real, para las carreras de ingeniería},
	author = {Báez, A.},
	year = {2018},
	type = {Tesis presentada en opción al grado científico de Doctor en Ciencias Pedagógicas},
	school = {Universidad de Camagüey}
}

@book{polya66,
	title = {Matemáticas y Razonamiento Plausible},
	author = {Polya, G.},
	year = {1966},
	publisher = {Editorial Tecnos, Madrid},
	note = {Traducción de J. L. Abellán},
	pages = {200-300}
}

@article{stake78,
	title = {The case study method},
	author = {Stake, R.},
	journal = {Educational Researcher},
	year = {1978},
	volume = {7},
	number = {2},
	pages = {5-8}
}

@article{rivera11,
	title = {Formation of Pattern Generalization Involving Linear Figural Patterns Among Middle School Students: Results of a Three-YearStudy},
	author = {Rivera, F. and Becker, J.},
	journal = {Early Algebraization, Advances in Mathematics Education},
	note = {Berlin-Heidelberg},
	pages = {323-366},
	year = {2011}
}