@article{area2012,
	author    = {Area M. and Pessoa T.},
	year      = {2012},
	title     = {De lo sólido a lo líquido: las nuevas alfabetizaciones ante los cambios culturales de la Web 2.0},
	keywords  = {12},
}

@book{deguzman2004,
	author    = {De Guzman, M.},
	year      = {2004},
	title     = {Tendencias innovadoras en educación matemática},
	keywords  = {12},
}

@incollection{galvis2013,
	author    = {Galvis Panqueva, A. and Pedraza Vega, L.},
	year      = {2013},
	title     = {Desafíos del bLearning y el eLearning en Educación},
	booktitle = {La Educación superior a distancia y virtual en Colombia: nuevas realidades},
	editor    = {Arboleda Toro, N. and Rama Vitales, C.},
	publisher = {Virtual Educa},
	address   = {Bogotá},
	keywords  = {12},
}

@misc{garcia2020,
	author    = {García Cuellar, D. and Martínez Miraval, M.},
	year      = {2020},
	title     = {Estudio de la Función Exponencial mediado por el Geogebra para la Tablet},
	url       = {https://www.researchgate.net/publication/342764112_ESTUDIO_DE_LA_FUNCION_EXPONENCIAL_MEDIADO_POR_EL_GEOGEBRA_PARA_TABLET},
	keywords  = {12},
}

@article{marti2010,
	author    = {Martí, J. A. and Heydrich, M. and Rojas, M. and Hernández, A.},
	year      = {2010},
	title     = {Aprendizaje basado en proyectos},
	journal   = {Revista Universidad EAFIT},
	volume    = {46},
	number    = {158},
	keywords  = {12},
}

@article{torres2019,
	author    = {Torres, Á. F. R. and Yépez, M. M. M. and García, N. I. C.},
	year      = {2019},
	title     = {El proyecto integrador de saberes, una oportunidad para aprender a aprender},
	journal   = {EmásF: revista digital de educación física},
	number    = {57},
	pages     = {62--77},
	keywords  = {12},
}
