@article{alvarez2019,
	author    = {Álvarez-Macea, F. and Costa, V. A.},
	year      = {2019},
	title     = {Enseñanza del Álgebra Lineal en carreras de ingeniería: un análisis del proceso de la modelización matemática en el marco de la Teoría Antropológica de lo Didáctico},
	journal   = {Eco Matemático},
	volume    = {10},
	number    = {2},
	pages     = {65--78},
	issn      = {1794-8231},
	month     = dec,
	keywords  = {11},
}

@article{bartolome2019,
	author    = {Bartolomé, E. and Florensa, I. and Bosch, M. and Gascón, J.},
	year      = {2019},
	title     = {A ‘study and research path’ enriching learning of mechanical engineering},
	journal   = {European Journal of Engineering Education},
	volume    = {44},
	number    = {3},
	pages     = {330--346},
	keywords  = {11},
}

@article{bravo2016,
	author    = {Bravo-Bohórquez, A. and Castañeda-Rodríguez, L. J. and Hernández-Yomayusa, H. I. and Hernández-Hernández, L. A.},
	year      = {2016},
	title     = {Enseñanza de las matemáticas en ingeniería: Modelación matemática y matemática contextual},
	journal   = {Revista Educación en Ingeniería},
	volume    = {11},
	number    = {21},
	pages     = {27--31},
	issn      = {1900-8260},
	month     = mar,
	keywords  = {11},
}

@article{brito2011,
	author    = {Brito-Vallina, M. and Alemán-Romero, I. and Fraga-Guerra, E. and Para-García, J. l. and Arias-Gutiérrez, R.},
	year      = {2011},
	title     = {Papel de la modelación matemática en la formación de los ingenieros},
	journal   = {Ingeniería Mecánica},
	volume    = {14},
	pages     = {129--139},
	keywords  = {11},
}

@book{brousseau2007,
	author    = {Brousseau, G.},
	year      = {2007},
	title     = {Iniciación al estudio de la teoría de las situaciones didácticas},
	edition   = {1st ed.},
	publisher = {Libros del Zorzal},
	isbn      = {978-987-599-035-7},
	keywords  = {11},
}

@article{chevallard1999-11,
	author    = {Chevallard, Y.},
	year      = {1999},
	title     = {El análisis de las prácticas docentes en la teoría antropológica de lo didáctico},
	journal   = {Recherches en Didactique des Mathématiques},
	volume    = {19},
	number    = {2},
	pages     = {221--266},
	keywords  = {11},
}

@incollection{chevallard2007,
	author    = {Chevallard, Y.},
	year      = {2007},
	title     = {Passé et présent de la Théorie Anthropologique du Didactique},
	booktitle = {Sociedad, Escuela y Matemáticas. Aportaciones a la Teoría Antropológica de lo Didáctico},
	editor    = {Ruíz-Higueras, L. and Estepa, A. and García, F. J.},
	pages     = {705--746},
	publisher = {Servicio de Publicaciones de la Universidad de Jaén},
	address   = {España},
	keywords  = {11},
}

@article{florensa2018,
	author    = {Florensa, I. and Bosch, M. and Gascón, J. and Winsløw, C.},
	year      = {2018},
	title     = {Study and research paths: A new tool for design and management of project based learning in Engineering},
	journal   = {International Journal of Engineering Education},
	volume    = {34},
	number    = {6},
	pages     = {1848--1862},
	keywords  = {11},
}

@article{florensa2020,
	author    = {Florensa, I. and García, F. and Sala, G.},
	year      = {2020},
	title     = {Condiciones para la enseñanza de la modelización matemática: estudios de caso en distintos niveles educativos},
	journal   = {Avances de Investigación en Educación Matemática},
	volume    = {17},
	pages     = {21--37},
	keywords  = {11},
}

@article{garcia2019,
	author    = {García, F. J. and Baquero, B. and Florensa, I. and Bosch, M.},
	year      = {2019},
	title     = {Diseño de tareas en el marco de la Teoría antropológica didáctica},
	journal   = {Avances de investigación en educación matemática},
	number    = {15},
	pages     = {75--94},
	keywords  = {11},
}

@incollection{lesh1992,
	author    = {Lesh, R. and Lamon, S.},
	year      = {1992},
	title     = {Assessing Authentic Mathematical Performance},
	booktitle = {Assessments of Authentic Performance in School Mathematics},
	editor    = {Lesh, R. and Lamon, S.},
	pages     = {17--62},
	publisher = {American Association for the Advancement of Sciences Press},
	address   = {Washington, DC},
	keywords  = {11},
}

@article{mendible2003,
	author    = {Mendible, A. and Ortiz, J.},
	year      = {2003},
	title     = {Modelización matemática en la formación de ingenieros. La importancia del contexto},
	journal   = {Enseñanza de la Matemática},
	volume    = {12 al 16},
	number    = {Extraordinario},
	pages     = {133--150},
	keywords  = {11},
}

@article{sanchez2017,
	author    = {Sánchez Luján, B. and Camacho Ríos, A.},
	year      = {2017},
	title     = {Nuevos objetos y nuevas técnicas para la enseñanza de la matemática},
	journal   = {Revista de la Escuela de Ciencias de la Educación},
	volume    = {1},
	number    = {12},
	pages     = {115--131},
	url       = {http://www.scielo.org.ar/scielo.php?script=sci_arttext&pid=S2362-33492017000100008&lng=es&tlng=es},
	note      = {Recuperado en 11 de julio de 2023},
	keywords  = {11},
}
