@book{anijovich2010,
	author    = {Anijovich, R. and Mora, S.},
	title     = {Estrategias de enseñanza: otra mirada al quehacer del aula},
	year      = {2010},
	publisher = {Aique Grupo Editor},
	keywords = {07}
}

@thesis{bravo2016,
	author    = {Bravo, D. O.},
	title     = {Nuevas tecnologías en la enseñanza y aprendizaje de la matemática en el Colegio del Castillo: descripción del uso actual y propuesta de proyecto de actualización tecnológica},
	type      = {Tesina},
	year      = {2016},
	school    = {Universidad Tecnológica Nacional, Facultad Regional Buenos Aires},
	keywords = {07}
}

@inbook{coll2011,
	author    = {Coll, C.},
	title     = {El diseño tecnopedagógico},
	booktitle = {Experiencias educativas con recursos digitales: Prácticas de uso y diseño tecnopedagógico},
	editor    = {Díaz Barriga, F. and Hernández, G. and Rigo, M. A.},
	year      = {2011},
	publisher = {Universidad Nacional Autónoma de México, Facultad de Psicología},
	keywords = {07}
}
