@article{bishop13,
	title = {The Flipped Classroom: A Survey of the Research},
	author = {Bishop, J. and Verleger, M.},
	year = {2013},
	journal = {2013 ASEE Annual Conference},
	note = {Atlanta, Georgia}
}

@misc{flipped14, shorthand = {F.L.N., 2014},
	title = {The Four Pillars of F-L-I-P},
	author = {Flipped Learning Network},
	year = {2014},
	url = {http://www.flippedlearning.org/cms/lib07/VA01923112/Centricity/Domain/46/FLIP_handout_FNL_Web.pdf}
}

@article{dussel10,
	title = {Educación y nuevas tecnologías: los desafíos pedagógicos ante el mundo digital},
	author = {Dussel, I.},
	year = {2010},
	journal = {VI Foro Latinoamericano de Educación},
	note = {Buenos Aires, Santillana}
}