@phdthesis{bolea2003,
	author    = {Bolea, P.},
	year      = {2003},
	title     = {El proceso de algebrización de las organizaciones matemáticas escolares},
	type      = {Tesis doctoral},
	institution = {Departamento de Matemática de la Universidad de Zaragoza, Monografías del Seminario de Matemática “García de Galeno”, número 23},
	keywords  = {04},
}

@article{gascon1999,
	author    = {Gascón, J.},
	year      = {1999},
	title     = {La naturaleza prealgebraica de las matemáticas escolares},
	journal   = {Educación matemática},
	volume    = {11},
	number    = {1},
	pages     = {77--78},
	keywords  = {04},
}

@article{chevallard1999,
	author    = {Chevallard, Y.},
	year      = {1999},
	title     = {El análisis de las prácticas docentes en la teoría antropológica de lo didáctico},
	journal   = {Recherches en Didactique des Mathématiques},
	volume    = {19},
	number    = {2},
	pages     = {221--266},
	keywords  = {04},
}

@incollection{garcia2005,
	author    = {García, F.},
	year      = {2005},
	title     = {El álgebra como instrumento de modelización. Articulación del estudio en las relaciones funcionales en la educación secundaria},
	booktitle = {Investigación en educación matemática},
	date      = {2008-01-01},
	isbn      = {978-84-612-5856-7},
	pages     = {71--92},
	keywords  = {04},
}

@misc{audisio2019,
	author    = {Audisio, V. and Chirino, P. and Heredia, N. and Viola, F. and Gramaglio, H.},
	year      = {2019},
	title     = {Modelización Matemática. Documento de la serie Matemática para la Formación Docente. Articulación DGES - FAMAT. Córdoba},
	keywords  = {04},
}
