@book{boyer1986,
	author    = {Boyer, C. B.},
	title     = {Historia de la Matemática},
	year      = {1986},
	publisher = {Editorial Alianza},
	keywords = {04}
}

@inbook{etayo1986,
	author    = {Etayo Miqueo, J. J.},
	title     = {El álgebra del cinquecento},
	booktitle = {Historia de la Matemática hasta el siglo XVII},
	year      = {1986},
	publisher = {Real Academia de Ciencias Exactas, Físicas y Naturales},
	address = {Madrid},
	keywords = {04}
}

@article{peralta1988,
	author    = {Peralta, J.},
	title     = {Resolución gráfica de ecuaciones algebráicas},
	journal   = {Boletín de la Sociedad Puig Adam de Profesores de Matemática},
	year      = {1988},
	keywords = {04}
}

@book{reypastor1963,
	author    = {Rey Pastor, J. and Pi Calleja, P. and Trejo, C.},
	title     = {Análisis Matemático},
	volume = {1},
	year      = {1963},
	publisher = {Editorial Kapeluz},
	keywords = {04}
}

@article{contreras2004,
	author = {Contreras, J. and del Pino, C. O.},
	title = {Sobre la ecuación cúbica},
	year = {2004},
	journal = {Revista del Instituto de Matemática y Física},
	address = {Instituto de Matemática y Física, Universidad de Talca},
	keywords = {04}
}