@article{aristizabal2016,
	author  = {Aristizabal, J.},
	year    = {2016},
	title   = {Analítica de datos de aprendizaje (ADA) y gestión educativa},
	journal = {Rev. Gestión de la Educación},
	volume  = {6},
	number  = {2},
	pages   = {149--168},
	url     = {https://doi.org/10.15517/rge.v1i2.25499},
	keywords = {02},
}

@article{barragan2018,
	author  = {Barragán Pazmiño, B. M. and Pazmiño Maji, R. A.},
	year    = {2018},
	title   = {Literatura científica sobre análisis estadístico implicativo: un mapeo sistemático de la década que transcurre},
	journal = {Ciencia Digital},
	volume  = {2},
	number  = {4.1},
	pages   = {55--69},
	url     = {https://doi.org/10.33262/cienciadigital.v2i4.1..190},
	keywords = {02},
}

@misc{carranza2024,
	author    = {Carranza, P. and Vasches, F. and Gamoneda, A. and Cardieri, M. and Benzaquén, I. and Pedersen, E.},
	year      = {2024},
	title     = {Estudio sobre violencia en relaciones sexoafectivas de jóvenes de la provincia de Neuquén, Argentina mediante A.S.I.},
	url       = {http://rid.unrn.edu.ar/handle/20.500.12049/8919},
	keywords = {02},
}

@article{carranza2014,
	author  = {Carranza, P.},
	year    = {2014},
	title   = {Presencia de interpretaciones bayesiana y frecuentista de la probabilidad en libros de estudio en Francia},
	journal = {Educ. Matem. Pesq., São Paulo},
	volume  = {16},
	number  = {3},
	pages   = {1071--1087},
	note    = {Especial ASI},
	keywords = {02},
}

@article{fajardo2017,
	author  = {Fajardo Ibarra, R. and González Zúñiga, F.},
	year    = {2017},
	title   = {El impacto de los videojuegos en la inteligencia: Una revisión de la literatura},
	journal = {Innovación Educativa},
	volume  = {17},
	number  = {74},
	pages   = {131--149},
	url     = {https://doi.org/10.22458/ie.v17i74.25499},
	keywords = {02},
}

@article{gamez2016,
	author  = {Gámez Jara, D. and Rodríguez Martínez, L.},
	year    = {2016},
	title   = {La influencia de la tecnología en el rendimiento académico de los estudiantes de secundaria},
	journal = {Revista Latinoamericana de Tecnología Educativa},
	volume  = {15},
	number  = {2},
	pages   = {30--50},
	url     = {https://doi.org/10.22458/rte.v15i2.25499},
	keywords = {02},
}

@misc{morduchowicz2006,
	author    = {Morduchowicz, A.},
	year      = {2006},
	title     = {Los indicadores educativos y las dimensiones que los integran},
	url       = {http://biblioteca.udgvirtual.udg.mx/jspui/handle/123456789/198},
	keywords = {02},
}

@misc{unesco2024,
	author    = {{UNESCO IIEP Learning Portal}},
	year      = {2024},
	title     = {Usar datos para mejorar la calidad},
	publisher = {IIEP Learning Portal},
	url       = {https://learningportal.iiep.unesco.org/es/fichas-praticas/monitorear-el-aprendizaje/usar-datos-para-mejorar-la-calidad},
	keywords = {02},
}
