@book{batanero2001,
	author    = {Batanero, C.},
	title     = {Didáctica de la Estadística},
	publisher = {Departamento de Didáctica de la Matemática 12, Universidad de Granada},
	year      = {2001},
	keywords  = {15},
}

@article{fernandez2013,
	author    = {Fernández, F. H. and Duarte, J. E.},
	title     = {El aprendizaje basado en problemas como estrategia para el desarrollo de competencias específicas en estudiantes de ingeniería},
	journal   = {Formación universitaria},
	volume    = {6},
	number    = {5},
	pages     = {29--38},
	year      = {2013},
	keywords  = {15},
}

@article{gonzalezhernando2016,
	author    = {González-Hernando, C. and Martín-Villamor, P. G. and Almeida, S. D. and Martín-Durántez, N. and López-Portero, S.},
	title     = {Ventajas e inconvenientes del aprendizaje basado en problemas percibidos por los estudiantes de Enfermería},
	journal   = {FEM: Revista de la Fundación Educación Médica},
	volume    = {19},
	number    = {1},
	pages     = {47--53},
	year      = {2016},
	keywords  = {15},
}

@article{paredescurin2016,
	author    = {Paredes-Curin, C. R.},
	title     = {Aprendizaje basado en problemas (ABP): Una estrategia de enseñanza de la educación ambiental, en estudiantes de un liceo municipal de Cañete},
	journal   = {Revista electrónica educare},
	volume    = {20},
	number    = {1},
	pages     = {119--144},
	year      = {2016},
	keywords  = {15},
}

@article{vargas2020,
	author    = {Vargas, N. A. V. and Vega, J. A. N. and Morales, F. H. F.},
	title     = {Aprendizaje basado en proyectos mediados por tic para superar dificultades en el aprendizaje de operaciones básicas matemáticas},
	journal   = {Boletin redipe},
	volume    = {9},
	number    = {3},
	pages     = {167--180},
	year      = {2020},
	keywords  = {15},
}
