@book{llinares1997fracciones,
	author = {LLinares, S. and Sánchez, V.},
	year = {1997},
	title = {Fracciones. Matemáticas: cultura y aprendizajes},
	publisher = {Editorial Síntesis},
	keywords = {06}
}

@article{malet2010significados,
	author = {Malet, Omar},
	year = {2010},
	title = {Los significados de las fracciones: una perspectiva fenomenológica},
	journal = {Medomatica. Recorriendo Laberintos. Revista n° 21},
	keywords = {06}
}

@book{gcba2005matematica7mo,
	author = {{Gobierno de la Ciudad de Buenos Aires. Secretaría de Educación}},
	year = {2005},
	title = {Matemática: Fracciones y Números Decimales. Apuntes para la enseñanza. 7mo grado},
	publisher = {Gobierno de la Ciudad de Buenos Aires. Secretaría de Educación},
	keywords = {06}
}

@book{gcba2005matematica6to,
	author = {{Gobierno de la Ciudad de Buenos Aires. Secretaría de Educación}},
	year = {2005},
	title = {Matemática: Fracciones y Números Decimales. Apuntes para la enseñanza. 6to grado},
	publisher = {Gobierno de la Ciudad de Buenos Aires. Secretaría de Educación},
	keywords = {06}
}

@book{gcba2005matematica5to,
	author = {{Gobierno de la Ciudad de Buenos Aires. Secretaría de Educación}},
	year = {2005},
	title = {Matemática: Fracciones y Números Decimales. Apuntes para la enseñanza. 5to grado},
	publisher = {Gobierno de la Ciudad de Buenos Aires. Secretaría de Educación},
	keywords = {06}
}

@book{gcba2001ensenanza,
	author = {{Gobierno de la Ciudad de Buenos Aires. Secretaría de Educación}},
	year = {2001},
	title = {La enseñanza de las fracciones en el 2do Ciclo de la E.G.B. Obra colectiva de la Red de Docentes de las escuelas de Campana},
	publisher = {Gobierno de la Ciudad de Buenos Aires. Secretaría de Educación},
	keywords = {06}
}

@book{seoane2012matematica,
	author = {Seoane, Silvana},
	year = {2012},
	title = {Matemática material para docentes sexto grado educación primaria},
	edition = {1},
	publisher = {Instituto Internacional de Planeamiento de la educación IIPE-Unesco},
	address = {Ciudad Autónoma de Buenos Aires},
	keywords = {06}
}

@article{guzman1998registros,
	author = {Guzmán, R.},
	year = {1998},
	title = {Registros de representación, el aprendizaje de nociones relativas a funciones: voces de estudiantes},
	journal = {Revista Latinoamericana de Investigación en Matemática Educativa, RELIME},
	volume = {1},
	number = {1},
	pages = {5-21},
	issn = {1665-2436},
	url = {https://www.redalyc.org/articulo.oa?id=33510102},
	urldate = {2024-06-22},
	keywords = {06}
}

@misc{deriard2018dialogos,
	author = {Deriard, Alejandra},
	year = {2018},
	title = {Diálogos con Regine Douady a 30 años de juego de encuadres y dialéctica instrumento objeto . El pensamiento del profesor, sus prácticas y elementos para su formación},
	howpublished = {Facultad de Educación. Uniandes. Colombia.},
	url = {https://funes.uniandes.edu.co/funes-documentos/dialogos-con-regine-douady-a-30-anos-de-juego-de-encuadres-y-dialectica-instrumento-objeto/},
	keywords = {06}
}

@book{melchiori2017clase,
	author = {Melchiori, D. and Nicodemo, M. and Sanguinetti, D. and Trillini, M. P.},
	year = {2017},
	title = {Clase 1: Registros de representaciones semióticas y marcos interpretativos. Reflexiones en torno al Álgebra y las Funciones y su enseñanza},
	publisher = {Ministerio de Educación y Deportes de la Nación},
	address = {Buenos Aires},
	keywords = {06}
}