@book{introduccion-polinomios,
	author = {Andrés, M. and Fioriti, G. and Murua, R. and Sessa, C. and otros},
	year = {2012},
	title = {Introducción al trabajo con polinomios y funciones polinómicas. Incorporación del programa Geogebra al trabajo matemático en el aula},
	publisher = {Unipe Editorial Universitaria}
}

@article{llanos-v,
	author = {Llanos, V. C. and Otero, M. R. and Bilbao, M. P.},
	title = {Funciones Polinómicas en la Secundaria: primeros resultados de una Actividad de Estudio y de Investigación (AEI)},
	journal = {Revista Electrónica de Investigación en Educación en Ciencias (REIEC). Año 6 Nº1},
	year = {2011},
	pages = {pp. 102-112}
}

@Conference{conf-llanos-v,
	author		= {Llanos, V. C. and Otero, M. R. and Bilbao, M. P.},
	title		= {Implementación de una AEI relativa al campo conceptual de las funciones polinómicas en la escuela secundaria: perspectiva didáctica y cognitiva},
	year		= {2011},
	booktitle	= {Actas del I Congreso Internacional de Enseñanza de las Ciencias y la Matemática (I CIECyM) y II Encuentro Nacional de Enseñanza de la Matemática (II ENEM)},
	address		= {NIECyT, F. de Cs. Exactas, UNCPBA, Tandil},
	month		= {11},
	pages		= {pp. 486-492}
}