@book{hardy2018,
	author    = {Hardy, G. H.},
	year      = {2018},
	title     = {A Course of Pure Mathematics},
	edition   = {Third Edition},
	keywords  = {13},
}

@book{hougardy2016,
	author    = {Hougardy, S. and Vygen, J.},
	year      = {2016},
	title     = {Algorithmic Mathematics},
	publisher = {Springer},
	keywords  = {13},
}

@book{sadovsky2005,
	author    = {Sadovsky, Patricia},
	year      = {2005},
	title     = {Enseñar Matemática hoy},
	publisher = {Libros del Zorzal},
	keywords  = {13},
}

@book{varona2019,
	author    = {Varona Malumbres, L. J.},
	year      = {2019},
	title     = {Recorridos por la teoría de números},
	publisher = {Electolibris},
	keywords  = {13},
}
