@inproceedings{atela19,
	title = {Articulación entre nivel primario y secundario. Una experiencia alrededor de la proporcionalidad mediada por TIC},
	author = {Atela,  M.  A. and Fernández,  J.  P. and  Vila,  M.},
	booktitle = {Actas V Jornadas de Enseñanza e Investigación  Educativa  en  el  campo  de  las  Ciencias  Exactas  y Naturales},
	year = {2019},
	address = {Fac. de Humanidades y Cs. de la Educación, UNLP},
	keywords = {02}
}

@book{duval04,
	title = {Semiosis y Pensamiento Humano. Registros Semióticos y Aprendizajes Intelectuales},
	author = {Duval, R.},
	location = {Universidad del Valle, Colombia},
	year = {2004},
	keywords = {02}
}

@inproceedings{godino17,
	title = {Significados pragmáticos y configuraciones ontosemióticas en el estudio de la proporcionalidad},
	author = {Godino, J. D. and Beltrán-Pellicer, P. and Burgos, M. and Giacomone, B.},
	year = {2017},
	booktitle = {Actas del Segundo Congreso International Virtual sobre el Enfoque Ontosemiótico del Conocimiento y la Instrucción Matemáticos},
	pages = {1-13},
	url = {http://enfoqueontosemiotico.ugr.es/civeos/godino_beltran.pdf},
	note = {J. M. Contreras, P. Arteaga, G. R. Cañadas, M. M. Gea, B. Giacomone, y M. M. López-Martín (Eds.)},
	keywords = {02}
}

@article{ruiz06,
	title={Vínculo entre el pensamiento proporcional cualitativo y cuantitativo: el caso de Paulina},
	author = {Ruiz, E. and Valdemoros, M.},
	url = {http://www.scielo.org.mx/scielo.php?script=sci_abstract&pid=S1665-24362006000200007&lng=es&nrm=iso&tlng=es},
	journaltitle = {Revista latinoamericana de investigación en matemática educativa},
	year = {2006},
	volume = {9},
	number = {2},
	location = {Ciudad de México},
	keywords = {02}
}

@inbook{mendoza13,
	title = {Si 100\% es todo, ¿cuánto es 120\%? Variables didácticas en situaciones de porcentaje},
	author = {Mendoza, T. and Block, D.},
	year = {2013},
	booktitle = {Matemática en la escuela primaria: saberes y conocimientos de niños y adolescentes},
	bookauthor = {Broitman, C.},
	pages = {169-194},
	location = {Buenos Aires},
	publisher = {Ed. Paidos},
	keywords = {02}
}

@manual{ministerioeducacion19,
	title = {Marco nacional para la mejora del aprendizaje en Matemática},
	organization = {Ministerio de Educación, Cultura, Ciencia y Tecnología},
	year = {2019},
	edition = {1},
	location = {Ciudad Autónoma de Buenos Aires},
	keywords = {02}
}

@inbook{piaget78,
	title = {Las operaciones intelectuales y su desarrollo},
	author = {Piaget, J. and Inhelder, B.},
	year = {1978},
	booktitle = {Lecturas en Psicología del niño},
	editor = {Delval, J.},
	edition = {I},
	pages = {70-119},
	location = {Madrid},
	publisher = {Alianza Editorial},
	keywords = {02}
}

@article{vandooren05,
	title = {Not everything is proportional: Effects of age and problem type on propensities of overgeneralization},
	author = {Van Dooren, W. and De Bock, D. and Hessels, A. and Janssens, D. and Verschaffel, L.},
	year = {2005},
	journaltitle = {Cognition and Instruction},
	volume = {23},
	number = {1},
	pages = {57-86},
	keywords = {02}
}