@misc{geogebra2024,
	author    = {{GeoGebra Team}},
	year      = {2024},
	title     = {GeoGebra Manual},
	note      = {Disponible en l√≠nea},
	keywords  = {03},
}

@book{hohenwarter2015,
	author    = {Hohenwarter, M.},
	year      = {2015},
	title     = {Teaching Mathematics with GeoGebra},
	publisher = {Springer},
	keywords  = {03},
}

@book{kay1991,
	author    = {Kay, A.},
	year      = {1991},
	title     = {The Future of Education and Technology},
	publisher = {Addison-Wesley},
	keywords  = {03},
}

@book{thomas2010,
	author    = {Thomas, M. O.},
	year      = {2010},
	title     = {The Role of Technology in the Teaching and Learning of Mathematics},
	publisher = {Springer},
	keywords  = {03},
}
