@book{kreyszig2011,
	author    = {Kreyszig, E.},
	title     = {Advanced Engineering Mathematics},
	year      = {2011},
	publisher = {Editorial Wiley},
	address   = {Boston, Estados Unidos},
	keywords = {06}
}

@book{young2009,
	author    = {Young, H. and Freedmanm R,},
	title     = {Física universitaria},
	volume = {1},
	year      = {2009},
	publisher = {Pearson},
	address   = {Naucalpan de Juárez, México},
	keywords = {06}
}

@book{zill2008,
	author    = {Zill, D. and Cullen, M.},
	title     = {Matemáticas avanzadas para ingeniería: ecuaciones diferenciales},
	year      = {2008},
	volume = {1},
	publisher = {McGraw-Hill Interamericana},
	address   = {México D.F.},
	keywords = {06}
}

@book{giancoli2009,
	author    = {Douglas Giancoli},
	title     = {Física para ciencias e ingeniería con física moderna},
	edition   = {4},
	year      = {2009},
	publisher = {Pearson Educación},
	address   = {México D.F.},
	keywords = {06}
}

@inproceedings{luna2018,
	author    = {Luna, M and Barrantes, E. and Villogas, E.},
	title     = {Resolución de problemas de ecuaciones diferenciales utilizando geometría dinámica},
	booktitle = {IX Congreso Internacional sobre Enseñanza de las Matemáticas},
	year = {2018},
	location = {Universidad Nacional de Huancavelica, Perú},
	note = {Grupo de Investigación TecVEM-IREM PUCP},
	keywords = {06}
}
