@article{horzum17,
	title = { Pre-service mathematics teachers' views about GeoGebra and its use},
	author = {Horzum, T. and Ünlü, M.},
	year = {2017},
	journal = {Acta Didáctica Napocensia},
	volume = {10},
	number = {3},
	pages = {77-89}
}

@article{itzcovich16,
	title = {GeoGebra: nuevas preguntas sobre viejas tareas},
	author = {Itzcovich, H. and Murúa, R.},
	year = {2016},
	journal = {Yupana},
	volume = {10},
	pages = {71-85}
}

@misc{itzcovich20,
	title = {Taller Esp. Horacio Itzcovich},
	author = {Itzcovich, H.},
	year = {2020},
	url = {https://www.youtube.com/watch?v=5a1Y4Aj7fdM},
	organization = {Departamento de Matemática - UNS},
	month = {10},
	note = {Archivo de video}
}

@book{mcmillan05,
	title = { Investigación educativa. 5° edición.},
	author = {McMillan, J. and Schumacher, S.},
	year = {2005},
	publisher = {Pearson. Addison Wesley, Madrid.}
}

@book{novembre15,
	title = {Matemática y TIC - Orientaciones para la enseñanza},
	author = {Novembre, A. and Nicodemo, M. and Coll, P.},
	year = {2015},
	publisher = {ANSES, Buenos Aires}
}

@article{sanchez19,
	title = {Procesos de objetivación alrededor de las ideas geométricas en la elaboración de simuladores con GeoGebra},
	author = {Sánchez, I. and Prieto, J.},
	year = {2019},
	journal = {PNA. Revista de investigación en didáctica de la matemática},
	volume = {14},
	number = {1},
	pages = {55-83}
}