@article{montoro2016,
	author    = {Montoro, V. and Scheuer, N. and Pérez-Echeverría, M. P.},
	year      = {2016},
	title     = {¿cuán abundantes son los conjuntos de números? estudiantes comparando infinitos},
	journal   = {Educación Matemática},
	volume    = {28},
	pages     = {145--174},
	keywords  = {05},
}

@article{nardoni2014,
	author    = {Nardoni, M. and Camara, V. and Pochulu, M.},
	year      = {2014},
	title     = {Evaluando la comprensión de los números racionales en estudiantes que culminan la escuela secundaria},
	journal   = {revista YUPANA},
	volume    = {14},
	number    = {8},
	pages     = {67--82},
	keywords  = {05},
}

@book{galvez1994,
	author    = {Galvéz Grecia, C. and Parra, I. and Saiz, I.},
	year      = {1994},
	title     = {La Didáctica de las Matemáticas en el libro},
	publisher = {Editorial Paidós},
	address   = {Buenos Aires},
	keywords  = {05},
}

@incollection{panizza2004,
	author    = {Panizza, Mabel},
	year      = {2004},
	title     = {Conceptos básicos de la Teoría de Situaciones Didáctica},
	booktitle = {Enseñar Matemática en el Nivel Inicial y el primer ciclo de la EGB. Análisis y propuestas},
	publisher = {Editorial Paidós},
	address   = {Buenos Aires},
	keywords  = {05},
}

@incollection{sadosky2005,
	author    = {Sadosky, Patricia},
	year      = {2005},
	title     = {La Teoría de Situaciones Didácticas: Un marco para pensar y actuar la enseñanza de la Matemática},
	booktitle = {Reflexiones teóricas para la Educación Matemática},
	publisher = {Libros del Zorzal},
	address   = {Buenos Aires},
	keywords  = {05},
}

@book{izcovich2007,
	author    = {Izcovich, H.},
	year      = {2007},
	title     = {La Matemática escolar - Las prácticas de enseñanza en el aula},
	publisher = {Editorial Aique},
	address   = {Buenos Aires},
	keywords  = {05},
}

@book{chamorro2006,
	author    = {Chamorro, M.},
	year      = {2006},
	title     = {Didáctica de las Matemáticas},
	publisher = {Editorial Pearson},
	address   = {México},
	keywords  = {05},
}

@book{centeno1997,
	author    = {Centeno Pérez, J.},
	year      = {1997},
	title     = {Números decimales. ¿Por qué? ¿Para qué?},
	publisher = {Editorial Síntesis},
	keywords  = {05},
}
