@book{Abrate2007experiencias,
	title = {Experiencias, propuestas y reflexiones para la clase de Matemática},
	publisher = {Universidad Nacional de Villa María},
	year = {2007},
	author = {Abrate, R. \& Pochulu, M.(Comps.)},
	owner = {Pamela},
	timestamp = {2012.12.01},
	keywords = {09}
}

@book{artin1997galois,
	title = {Galois Theory},
	publisher = {Dover Publications},
	year = {1997},
	author = {Artin, E. and Milgram, A.N.},
	series = {Notre Dame Mathematical Lectures},
	isbn = {9780486623429},
	lccn = {97051372},
	url = {http://books.google.com.ar/books?id=kVuYGdGizHEC},
	keywords = {09}
}

@article{ayala2008pasos,
	author = {Nahuel Ayala},
	title = {Construcciones con regla y compás.Pasos},
	year = {2008},
	keywords = {09}
}

@book{boyer1999historia,
	title = {Historia de la matemática : Versión de Mariano Martínez Pérez},
	publisher = {Grupo Anaya Comercial},
	year = {1999},
	author = {Boyer, C.B. and Pérez, M.M.},
	series = {El Libro Universitario - Manuales},
	isbn = {9788420681863},
	url = {http://books.google.com.ar/books?id=rChoPp0lwr8C},
	keywords = {09}
}

@article{chaparro,
	author = {Ricardo Ramírez Chaparro},
	title = {Construcción de polígonos regulares},
	year = {2011},
	keywords = {09}
}

@book{chomsky2004estructuras,
	title = {Estructuras Sintácticas: },
	publisher = {Siglo XXI},
	year = {2004},
	author = {Chomsky, N. and Otero, C.P.},
	series = {Ling{\"u}ística (Mexico City, Mexico)},
	isbn = {9789682300752},
	url = {http://books.google.com.ar/books?id=6tUv4IzUWtwC},
	keywords = {09}
}

@article{collantes,
	author = {Antonio Jesús Pan Collantes},
	title = {Construcciones con regla y compás},
	journal = {Acta de Mathematica Vulgata -Universidad de Cádiz -Departamento de Matemática},
	year = {2005},
	volume = {1},
	pages = {29-36},
	keywords = {09}
}

@book{collette1993historia,
	title = {Historia de las matemáticas, volumen 2},
	publisher = {Siglo XXI de España Editores},
	year = {1993},
	author = {Collette, J.P. and Piga, A.C.},
	number = {v. 2},
	series = {Ciencia y Técnica},
	isbn = {9788432305269},
	url = {http://books.google.com.ar/books?id=ZHg3e7n7iagC},
	keywords = {09}
}

@book{coxeter1971fundamentos,
	title = {Fundamentos de geometría},
	publisher = {Limusa},
	year = {1971},
	author = {Coxeter, H.S.M.},
	series = {Matemáticas. Geometría},
	isbn = {9789681806415},
	owner = {Pamela},
	timestamp = {2012.12.01},
	url = {http://books.google.com.ar/books?id=4SKlQgAACAAJ},
	keywords = {09}
}

@book{coxeter1996geometry,
	title = {Geometry Revisited},
	publisher = {Mathematical Association of America},
	year = {1996},
	author = {Coxeter, H.S.M. and Greitzer, S.L.},
	number = {v. 19},
	series = {New Mathematical Library},
	isbn = {9780883856192},
	lccn = {67020607},
	url = {http://books.google.com.ar/books?id=VdAM58ksvcIC},
	keywords = {09}
}

@book{andalucia2000legado,
	title = {El legado de las matemáticas: de Euclides a Newton : los genios
	a través de sus libros : [exposición y catálogo]},
	publisher = {Junta de Andalucía, Consejería de Cultura},
	year = {2000},
	author = {Andalucía. Consejería de Cultura and Universidad de Sevilla and Real Sociedad Matemática Española},
	isbn = {9788492381821},
	owner = {Pamela},
	timestamp = {2012.12.01},
	url = {http://books.google.com.ar/books?id=oH07PIAJJJ0C},
	keywords = {09}
}

@article{garciahernandez2006gauss,
	author = {Pablo García Hernández},
	title = {Carl Friedrich Gauss: Estudio de su Obra Disquisitiones Arithmeticae y construcción de polígonos regulares con regla y compás},
	year = {2006},
	keywords = {09}
}

@book{hungerford1974algebra,
	title = {Algebra},
	publisher = {Springer-Verlag},
	year = {1974},
	author = {Hungerford, T.W.},
	series = {Graduate Texts in Mathematics},
	isbn = {9780387905181},
	lccn = {96214823},
	url = {http://books.google.com.ar/books?id=t6N\_tOQhafoC},
	keywords = {09}
}

@book{ivorra2009geometria,
	title = {Geometría},
	year = {2009},
	author = {Ivorra, C.},
	owner = {Pamela},
	timestamp = {2012.12.01},
	keywords = {09}
}

@book{kostovski1984construcciones,
	title = {Construcciones geométricas mediante un compás},
	publisher = {Mir},
	year = {1984},
	author = {Kostovski, A.N. and Lozhkin, G.},
	series = {Lecciones populares de matemáticas},
	url = {http://books.google.com.ar/books?id=z8dIPAAACAAJ},
	keywords = {09}
}

@book{pastor2000historia,
	title = {Historia de la matemática},
	publisher = {Gedisa},
	year = {2000},
	author = {Pastor, J.R. and Babini, J.},
	series = {Historia. Serie Cladema},
	isbn = {9788474328097},
	owner = {Pamela},
	timestamp = {2012.12.01},
	url = {http://books.google.com.ar/books?id=gCtdJAAACAAJ},
	keywords = {09}
}

@article{sangari2011construcciones,
	title = {Construcciones de polígonos regulares con regla y compás con la asistencia del GeoGebra},
	journal = {Memorias del 20 Encuentro de Geometría y sus Aplicaciones},
	year = {2011},
	author = {Sangari, A. and Perez, C},
	volume = {1},
	pages = {307-314},
	owner = {Pamela},
	timestamp = {2012.12.01},
	keywords = {09}
}

@book{stewart2008historia,
	title = {Historia de las matemáticas: En los últimos 1000 años},
	publisher = {Crítica},
	year = {2008},
	author = {Stewart, I.},
	isbn = {9788484323693},
	url = {http://books.google.com.ar/books?id=\_75loXXkxhYC},
	keywords = {09}
}

@book{stewart2004galois,
	title = {Galois Theory},
	publisher = {Chapman \& Hall/CRC},
	year = {2004},
	author = {Stewart, I.},
	series = {Chapman \& Hall/CRC Mathematics},
	isbn = {9781584883937},
	lccn = {2003048995},
	url = {http://books.google.com.ar/books?id=G\_A8HciIro4C},
	keywords = {09}
}

@book{struik1980historia,
	title = {Historia concisa de las matemáticas},
	publisher = {Instituto Politécnico Nacional},
	year = {1980},
	author = {Struik, D.J. and Noriega, P.L.},
	series = {Ciencia y Técnica},
	isbn = {9789682910456},
	owner = {Pamela},
	timestamp = {2012.12.01},
	url = {http://books.google.com.ar/books?id=sAa7YgEACAAJ},
	keywords = {09}
}

@book{urbaneja2003origenes,
	title = {Los Orígenes de la geometría analítica},
	publisher = {Fundación Canaria Orotava de Historia de la Ciencia},
	year = {2003},
	author = {Urbaneja, P.M.G. and Fundación Canaria Orotava de Historia de laCiencia},
	series = {Materiales de historia de la ciencia},
	isbn = {9788460796688},
	url = {http://books.google.com.ar/books?id=ZtSqkQ-TWKcC},
	keywords = {09}
}

@article{Aguilera2010,
	author = {Aguilera, N.},
	title = {Geometría Euclídea Plana. Inversión},
	journal = {Recuperado de http://www.santafe-conicet.gov.ar/~aguilera/apuntes/geometria2010/inversion.pdf},
	year = {2010},
	volume = {1},
	pages = {1-11},
	owner = {Silvia},
	timestamp = {2012.12.10},
	keywords = {09}
}

@article{Tarrida2010Geometria,
	author = {Tarrida, Agustí Reventós},
	title = {Geometría Inversiva},
	url = {mat.uab.es/~agusti/geoinvcas.pdf},
	keywords = {09}
}

@article{Capitan2009Inversion,
	author = {Capitán, Francisco J. García} ,
	title = {Inversión en Olimpiadas},
	journal = {Recuperado de http://www.oei.es/oim/numero27/probinv.pdf},
	year = {2009},
	volume = {1},
	pages = {6},
	owner = {Silvia},
	timestamp = {2012.12.10},
	keywords = {09}
}

@book{efimov1984geometria,
	title = {Geometría superior},
	author = {Efimov, N.V.},
	url = {http://books.google.com.ar/books?id=-eD-uAAACAAJ},
	year = {1984},
	publisher = {Mir},
	keywords = {09}
}

@book{vera1978cientificos,
	title = {Científicos griegos},
	author = {Vera, F.},
	url = {http://books.google.com.ar/books?id=qOE\_nwEACAAJ},
	year = {1978},
	publisher = {ediciones Aguilar},
	keywords = {09}
}

@Webpage{vera1970cientificos,
	title = {Orígenes de la Geometría Proyectiva},
	author = {Alonso, María Emilia},
	url = {http://books.google.com.ar/books?id=jK1JcgAACAAJ},
	year = {1970},
	publisher = {Aguilar},
	keywords = {09}
}

@misc{CerizolaDesarrollo,
	title = {Desarrollo del Pensamiento geométrico en el futuro Profesor de Matemática},
	year = {2006},
	author = {Cerizola, N. and Martínez, R. and Miní, M.},
	url = {www.famaf.unc.edu.ar/~revm/Cerizola1-2.pdf},
	keywords = {09}
}

@misc{VilumbralesGeometria,
	title = {Geometría inversiva},
	year = {2006},
	author = {Vilumbrales, Luis U.},
	url = {http://divulgamat2.ehu.es/divulgamat15/index.php},
	keywords = {09}
}

@misc{Vicente2004Cien,
	title = {Cien años de la Conjetura de Poincaré},
	year = {2004},
	author = {Muñoz, Vicente},
	url = {http://www.mat.ucm.es/~vmunozve/Cien.pdf},
	keywords = {09}
}

@misc{MuszkatsElmodelo,
	title = {El modelo de Poincaré de la geometría hiperbólica: una exposición mediante el cálculo de variaciones},
	year = {2012},  
	author = {Muszkats, Juan Pablo},
	keywords = {09}
}

@article{Sangari2012Genesis,
	author = {Sángari, Antonio},
	title = {Génesis de una transformación conforme},
	year = {2012},
	journal = {Presentación en la Reunión de Educación Matemática-Córdoba 2012},
	keywords = {09}
}

@book{santalo1993geometria,
	title={La Geometría en la formación de profesores},
	author={Santaló, L.A.},
	url={http://books.google.com.ar/books?id=9GJdMwEACAAJ},
	year={1993},
	publisher={Red Olímpica},
	keywords = {09}
}

@misc{Nunez2010Apolonio,
	author = {Núñez, C. and Torres, C. and Gutiérrez, F.},
	title = {Apolonio, Descartes y Steiner en un apretado envase de palmitos},
	year = {2010},
	url = {http://www.sinewton.org},
	keywords = {09}
}

@misc{Gil09feuerbach,
	title = {09feuerbach},
	author = {Gil, A. y Mayor, M.},
	year = {2012},
	note = {Recuperado de http://ocw.upm.es/geometria-y-topologia},
	url = {http://ocw.upm.es/geometria-y-topologia},
	keywords = {09}
}

@BOOK{Valdes2008Delas,
	title = {De las cavernas a los fractales},
	publisher = {Editorial Universitaria de la U.T.N.},
	year = {2008},
	author = {Valdés, Juan E. Nápolez},
	url = {http://www.edutecne.utn.edu.ar/napoles-valdes/historia_matematica.html},
	keywords = {09}
}

@article{Romero2013Elporisma,
	author = {Romero, S. y Sángari, A.},
	title = {El Porisma de Steiner como integrador de la geometría de la inversión},
	journal = {Presentación en la Reunión de Educación Matemática-Rosario 2013},
	year = {2013},
	keywords = {09}
}

@book{halmos2017naive,
	title={Naive Set Theory},
	author={Halmos, P.R.},
	isbn={9780486814872},
	lccn={2016043254},
	series={Dover Books on Mathematics},
	url={https://books.google.com.ar/books?id=lgdJDgAAQBAJ},
	year={2017},
	publisher={Dover Publications},
	keywords = {09}
}

@book{margaris1990first,
	title={First Order Mathematical Logic},
	author={Margaris, A.},
	isbn={9780486662695},
	lccn={89029569},
	series={Dover books on advanced mathematics},
	url={https://books.google.com.ar/books?id=q3mObeaklrIC},
	year={1990},
	publisher={Dover Publications},
	keywords = {09}
}

@book{cignoli2016teoriaconj,
	title = {Teoría axiomática de conjuntos: Una introducción},
	author = {Cignoli, R.},
	url = {http://books.google.com.ar/books?id=-eD-uAAACAAJ},
	year = {2016},
	publisher = {Universidad de Buenos Aires.},
	keywords = {09}
}
