@thesis{betancourt2010,
	author    = {Sixto R. Betancourt},
	year      = {2010},
	title     = {Estructuras Combinatorias y Análisis Asintótico},
	type      = {Trabajo Especial de Grado de Licenciado en Matemática},
	institution = {Universidad Central de Venezuela},
	keywords  = {07},
}

@book{kaufmann1968,
	author    = {A. Kaufmann},
	year      = {1968},
	title     = {Introduction a la combinatorique en vue des applications},
	publisher = {Editorial DUNOD - Paris},
	keywords  = {07},
}

@book{niven1995,
	author    = {I. Niven},
	year      = {1995},
	title     = {Matemática de las opciones o cómo contar sin contar},
	publisher = {Red Olímpica},
	address   = {Argentina},
	keywords  = {07},
}

@book{riordan1978,
	author    = {Jhon Riordan},
	year      = {1978},
	title     = {An Introduction to Combinatorial Analysis},
	publisher = {Princeton University Press},
	address   = {Princeton, New York},
	keywords  = {07},
}

@book{stanley2012,
	author    = {Richard P. Stanley},
	year      = {2012},
	title     = {Enumerative Combinatorics, Volume I. (Second edition)},
	publisher = {Cambridfe Studies in Advanced Mathematics},
	address   = {New York},
	keywords  = {07},
}

@book{vilenkin2010,
	author    = {Naúm Yákovlevich Vilenkin},
	year      = {1972},
	title     = {¿De cuántas formas? Combinatoria},
	publisher = {Editorial MIR - Moscu},
	keywords  = {07},
}

@book{wilf1994,
	author    = {Herbert S. Wilf},
	year      = {1994},
	title     = {Generatingfunctionology (Second Edition)},
	publisher = {Academic Press},
	keywords  = {07},
}
