@book{brousseau93,
	title = {Fundamentos y Métodos de la Didáctica de la Matemática},
	author = {Brousseau, G.},
	year = {1993},
	publisher = {Universidad Nacional de Córdoba},
	note = {Editado por I. Dotti y J. Vargas}
}

@book{chevallard97,
	title = {Estudiar Matemática, El eslabón perdido entre enseñanza y aprendizaje},
	author = {Chevallard, Y. and Bosch, M. and Gascón, J.},
	year = {1997},
	publisher = {ICE - Horsori}
}

@data{salta10, shorthand = {Prov. de Salta, 2010},
	title = {Diseño curricular para la educación primaria},
	author = {Provincia de Salta},
	type = {Diseño curricular},
	year = {2010}
}

@book{itzcovich05,
	title = {Iniciación al estudio didáctico de la Geometría, de las construcciones a las demostraciones},
	author = {Itzcovich, H.},
	year = {2005},
	publisher = {Libros del Zorzal}
}

@book{mathiaud96,
	title = {Enseñar a Partir de Actividades, Enseñanza de la Matemática, Relación entre Saberes, Programas y Prácticas},
	author = {Mathiaud, M.},
	year = {1996},
	publisher = {Point-a-Mouson},
	note = {Ed. E. Barbin y R. Douady}
}

@unpublished{villella99,
	title = {Sugerencias para la clase de matemática},
	author = {Villella, J.},
	year = {1999},
	note = {Buenos Aires. Aique}
}