@book{bacaer2010,
	author    = {Nicolas Bacaër},
	year      = {2010},
	title     = {Mathématiques et épidémies},
	publisher = {Institut de recherche pour le développement},
	keywords  = {16},
}

@article{bianco2016,
	author    = {Bianco Maria, J. C.},
	year      = {2016},
	title     = {Modelo Epidemiológico SIR: Una aplicación de las ecuaciones diferenciales al SARS-Cov 2 Covid 19},
	journal   = {Revista de Investigación en modelos matemáticos},
	url       = {https://www.google.com/url?q=https://www.economicas.uba.ar/wp-content/uploads/2016/},
	keywords  = {16},
}

@online{cuidarte2021,
	author    = {Cuidarte, R.},
	year      = {2021},
	title     = {Factores epidemiológicos R0 y Re durante el COVID-19 ¿Qué son y en qué difieren?},
	url       = {https://docs.bvsalud.org/biblioref/2021/04/1177866/1393-texto-del-articulo-12090-3-10-20 201204.pdf},
	keywords  = {16},
}

@online{lezca2021,
	author    = {Lezca, I. A.},
	year      = {2021},
	title     = {El modelo SIR básico y políticas antiepidémicas de salud pública para la COVID-19 en Cuba},
	url       = {https://www.scielosp.org/article/rcsp/2020.v46suppl1/e2597/#},
	keywords  = {16},
}

@online{medicine2018,
	author    = {Medicine, N. L.},
	year      = {2018},
	title     = {El número reproductivo básico (R0): consideraciones para su aplicación en la salud pública},
	url       = {https://www.ncbi.nlm.nih.gov/pmc/articles/PMC6291769/},
	keywords  = {16},
}

@online{minsalud_arg,
	author    = {{Ministerio de Salud de la República Argentina}},
	title     = {Informe diario},
	url       = {https://www.argentina.gob.ar/coronavirus/informe-diario},
	keywords  = {16},
}

@online{hospital_herrera,
	author    = {{Facebook oficial del Hospital Francisco Herrera}},
	title     = {Reporte diario},
	url       = {https://www.facebook.com/Hospital-Dr-Francisco-Herrera-Campo-Quijano-2476193842413482},
	keywords  = {16},
}
