@conference{arteaga04,
	booktitle = {Actas del Segundo Congreso International Virtual sobre el Enfoque Ontosemiótico del Conocimiento y la Instrucción Matemáticos},
	author = {Arteaga, G.R. and Cañadas, M.M. and Gea, B. G. and M. M. López-Martín},
	year = {2004},
	url = {enfoqueontosemiotico.ugr.es/civeos.html}
}

@article{batanero00,
	title = {Controversies around the role of statistical tests in experimental research},
	author = {Batanero, C.},
	year = {2000},
	journal = {Mathematical Thinking and Learning},
	volume = {2},
	number = {1-2},
	pages = {75-98}
} 

@conference{batanero15,
	title = {Aproximación informal al contraste de hipótesis},
	author = {Batanero, C. and Diaz, C.},
	year = {2015},
	booktitle = {II Jornadas Virtuales de Didáctica de la Estadística, la Probabilidad y la Combinatoria},
	organization = {Granada: SEIEM},
	note = {M. Contreras (Ed.)}
}

@conference{batanero17,
	title = {Significados del contraste de hipótesis, configuraciones epistémicas asociadas y algunos conflictos semióticos},
	author = {Batanero, C. and Díaz, C. and López-Martín, M.M.},
	year = {2017},
	booktitle = {Actas del Segundo Congreso International Virtual sobre el Enfoque Ontosemiótico del Conocimiento y la Instrucción Matemáticos},
	url = {http://enfoqueontosemiotico.ugr.es/civeos.html}
}

@article{chevallard13,
	title = {Enseñar matemáticas en la sociedad de mañana: alegato a favor de un contraparadigma emergente},
	author = {Chevallard, Y.},
	year = {2013},
	journal = {Journal of Research in Mathematics Education},
	volume = {2},
	number = {2},
	pages = {161-182}
}

@article{falk95,
	title = {Significance tests die hard: The amazing persistence of a probabilistic misconception},
	author = {Falk, R. and Greenbaum, C.W.},
	year = {1995},
	journal = {Theory \& Psychology},
	volume = {5},
	number = {1},
	pages = {75-98},
	doi = {https://doi.org/10.1177/0959354395051004}
}

@article{harradine11,
	title = {Students and teachers’ knowledge of sampling and inference},
	author = {Harradine, A. and Batanero, C. and Rossman, A.},
	year = {2011},
	journal = {Teaching Statistics in School Mathematics - Challenges for Teaching and Teacher Education},
	pages = {235-246},
	note = {Springer, Netherlands},
	doi = {https://doi.org/10.1007/978-94-007-1131-0_24}
}

@article{korin21,
	title = {La comprensión de los test de hipótesis estadísticos. Un estudio con alumnos universitarios},
	author = {Korin, C.},
	year = {2021},
	journal = {Revista De Educación Matemática},
	url = {https://revistas.unc.edu.ar/index.php/REM/article/view/10263}
}

@conference{krauss02,
	title = {How significance tests should be presented to avoid the typical misinterpretations},
	author = {Krauss, S. and Wassner, K.},
	year = {2002},
	booktitle = {Proceedings of the Sixth International Conference on Teaching Statistics},
	organization = {International Statistical Institute and International Association for Statistical Education},
	address = {Cape Town, South Africa}
}

@misc{liila18, shorthand = {Liila Tech, 2018},
	title = {Run R Script - Online Statistical Data Analysis - Version 1.1 Build 226-208 - Android},
	author = {Liila Tech},
	year = {2018}
}

@article{liu09,
	title = {Mathematics teachers’ understandings of proto-hypothesis testing},
	author = {Liu, Y. and Thompson, P. W.},
	year = {2009},
	journal = {Pedagogies: An International Journal},
	volume = {4},
	number = {2},
	pages = {126-138},
	doi = {https://doi.org/10.1080/15544800902741564}
}

@misc{python17, shorthand = {Python S. F., 2017},
	title = {Python Software Foundation},
	author = {Python Software Foundation},
	year = {2017},
	url = {https://www.python.org/}
}

@misc{teamrc21, shorthand = {Team R. C., 2021},
	title = {R: A Language and Environment for Statistical Computing},
	year = {2021},
	author = {Team R.C.}
}

@phdthesis{vallecillos94,
	title = {Estudio teórico-experimental de errores y concepciones sobre el contraste estadístico de hipótesis en estudiantes universitarios},
	author = {Vallecillos Jiménez, A.},
	year = {1994},
	type = {Tesis Doctoral},
	school = {Universidad de Granada, Departamento de Didáctica de la Matemática, España}
}

@article{vallecillos97,
	title = {El papel de las hipótesis estadísticas en los contrastes: concepciones y dificultades de aprendizaje},
	author = {Vallecillos Jiménez, A.},
	year = {1997},
	journal = {Educación Matemática},
	volume = {9},
	number = {2},
	pages = {5-20}
}

@conference{vanderman02,
	title = {Providing "real" context in statistical quality control courses for engineers},
	author = {Vanderman, S. B.},
	year = {2002},
	booktitle = {Proceedings of the Sixth International Conference on Teaching Statistics},
	address = {Cape Town, South Africa},
	organization = {International Statistical Institute and International Association for Statistical Education}
}

@article{viles07,
	title = {Análisis didáctico de la estadística y la calidad en los estudios de Ingeniería Industrial},
	author = {Viles, E.},
	year = {2007},
	journal = {Tecnura},
	volume = {11},
	number = {21},
	pages = {51-62},
	doi = {https://doi.org/10.14483/22487638.6272}
}

@article{zieffler08,
	title = {A framework to support research on informal inferential reasoning},
	author = {Zieffler, A. and Garfield, J. and Delmas, R. and Reading, C.},
	year = {2008},
	journal = {Statistics Education Research Journal},
	volume = {7},
	number = {2},
	pages = {40-58}
}