% This file was created with JabRef 2.8.1.
% Encoding: Cp1252

@BOOK{Abrate2007experiencias,
  title = {Experiencias, propuestas y reflexiones para la clase de Matem{\'a}tica},
  publisher = {Universidad Nacional de Villa Mar{\'\i}a},
  year = {2007},
  author = {Abrate, R. \& Pochulu, M.(Comps.)},
  owner = {Pamela},
  timestamp = {2012.12.01}
}

@BOOK{artin1997galois,
  title = {Galois Theory},
  publisher = {Dover Publications},
  year = {1997},
  author = {Artin, E. and Milgram, A.N.},
  series = {Notre Dame Mathematical Lectures},
  isbn = {9780486623429},
  lccn = {97051372},
  url = {http://books.google.com.ar/books?id=kVuYGdGizHEC}
}

@ARTICLE{ayala2008pasos,
  author = {Nahuel Ayala},
  title = {Construcciones con regla y comp{\'a}s.Pasos},
  year = {2008}
}

@BOOK{boyer1999historia,
  title = {Historia de la matem{\'a}tica : Versi{\'o}n de Mariano Mart{\'\i}nez P{\'e}rez},
  publisher = {Grupo Anaya Comercial},
  year = {1999},
  author = {Boyer, C.B. and P{\'e}rez, M.M.},
  series = {El Libro Universitario - Manuales},
  isbn = {9788420681863},
  url = {http://books.google.com.ar/books?id=rChoPp0lwr8C}
}

@ARTICLE{chaparro,
  author = {Ricardo Ram{\'\i}rez Chaparro},
  title = {Construcci{\'o}n de pol{\'\i}gonos regulares},
  year = {2011}
}

@BOOK{chomsky2004estructuras,
  title = {Estructuras Sint{\'a}cticas: },
  publisher = {Siglo XXI},
  year = {2004},
  author = {Chomsky, N. and Otero, C.P.},
  series = {Ling{\"u}{\'\i}stica (Mexico City, Mexico)},
  isbn = {9789682300752},
  url = {http://books.google.com.ar/books?id=6tUv4IzUWtwC}
}

@ARTICLE{collantes,
  author = {Antonio Jes{\'u}s Pan Collantes},
  title = {Construcciones con regla y comp{\'a}s},
  journal = {Acta de Mathematica Vulgata -Universidad de C{\'a}diz -Departamento de Matem{\'a}tica},
  year = {2005},
  volume = {1},
  pages = {29-36}
}

@BOOK{collette1993historia,
  title = {Historia de las matem{\'a}ticas, volumen 2},
  publisher = {Siglo XXI de Espa{\~n}a Editores},
  year = {1993},
  author = {Collette, J.P. and Piga, A.C.},
  number = {v. 2},
  series = {Ciencia y T{\'e}cnica},
  isbn = {9788432305269},
  url = {http://books.google.com.ar/books?id=ZHg3e7n7iagC}
}

@BOOK{coxeter1971fundamentos,
  title = {Fundamentos de geometr{\'\i}a},
  publisher = {Limusa},
  year = {1971},
  author = {Coxeter, H.S.M.},
  series = {Matem{\'a}ticas. Geometr{\'\i}a},
  isbn = {9789681806415},
  owner = {Pamela},
  timestamp = {2012.12.01},
  url = {http://books.google.com.ar/books?id=4SKlQgAACAAJ}
}

@BOOK{coxeter1996geometry,
  title = {Geometry Revisited},
  publisher = {Mathematical Association of America},
  year = {1996},
  author = {Coxeter, H.S.M. and Greitzer, S.L.},
  number = {v. 19},
  series = {New Mathematical Library},
  isbn = {9780883856192},
  lccn = {67020607},
  url = {http://books.google.com.ar/books?id=VdAM58ksvcIC}
}

@BOOK{andalucia2000legado,
  title = {El legado de las matem{\'a}ticas: de Euclides a Newton : los genios
	a trav{\'e}s de sus libros : [exposici{\'o}n y cat{\'a}logo]},
  publisher = {Junta de Andaluc{\'\i}a, Consejer{\'\i}a de Cultura},
  year = {2000},
  author = {Andaluc{\'\i}a. Consejer{\'\i}a de Cultura and Universidad de Sevilla and Real Sociedad Matem{\'a}tica Espa{\~n}ola},
  isbn = {9788492381821},
  owner = {Pamela},
  timestamp = {2012.12.01},
  url = {http://books.google.com.ar/books?id=oH07PIAJJJ0C}
}

@ARTICLE{garciahernandez2006gauss,
  author = {Pablo Garc{\'\i}a Hern{\'a}ndez},
  title = {Carl Friedrich Gauss: Estudio de su Obra Disquisitiones Arithmeticae y construcci{\'o}n de pol{\'\i}gonos regulares con regla y comp{\'a}s},
  year = {2006}
}

@BOOK{hungerford1974algebra,
  title = {Algebra},
  publisher = {Springer-Verlag},
  year = {1974},
  author = {Hungerford, T.W.},
  series = {Graduate Texts in Mathematics},
  isbn = {9780387905181},
  lccn = {96214823},
  url = {http://books.google.com.ar/books?id=t6N\_tOQhafoC}
}

@BOOK{ivorra2009geometria,
  title = {Geometr{\'\i}a},
  year = {2009},
  author = {Ivorra, C.},
  owner = {Pamela},
  timestamp = {2012.12.01}
}

@BOOK{kostovski1984construcciones,
  title = {Construcciones geom{\'e}tricas mediante un comp{\'a}s},
  publisher = {Mir},
  year = {1984},
  author = {Kostovski, A.N. and Lozhkin, G.},
  series = {Lecciones populares de matem{\'a}ticas},
  url = {http://books.google.com.ar/books?id=z8dIPAAACAAJ}
}

@BOOK{pastor2000historia,
  title = {Historia de la matem{\'a}tica},
  publisher = {Gedisa},
  year = {2000},
  author = {Pastor, J.R. and Babini, J.},
  series = {Historia. Serie Cladema},
  isbn = {9788474328097},
  owner = {Pamela},
  timestamp = {2012.12.01},
  url = {http://books.google.com.ar/books?id=gCtdJAAACAAJ}
}

@ARTICLE{sangari2011construcciones,
  title = {Construcciones de pol{\'\i}gonos regulares con regla y comp{\'a}s con la asistencia del GeoGebra},
  journal = {Memorias del 20 Encuentro de Geometr{\'\i}a y sus Aplicaciones},
  year = {2011},
 author = {Sangari, A. and Perez, C},
  volume = {1},
  pages = {307-314},
  owner = {Pamela},
  timestamp = {2012.12.01}
}

@BOOK{stewart2008historia,
  title = {Historia de las matem{\'a}ticas: En los {\'u}ltimos 1000 a{\~n}os},
  publisher = {Cr{\'\i}tica},
  year = {2008},
  author = {Stewart, I.},
  isbn = {9788484323693},
  url = {http://books.google.com.ar/books?id=\_75loXXkxhYC}
}

@BOOK{stewart2004galois,
  title = {Galois Theory},
  publisher = {Chapman \& Hall/CRC},
  year = {2004},
  author = {Stewart, I.},
  series = {Chapman \& Hall/CRC Mathematics},
  isbn = {9781584883937},
  lccn = {2003048995},
  url = {http://books.google.com.ar/books?id=G\_A8HciIro4C}
}

@BOOK{struik1980historia,
  title = {Historia concisa de las matem{\'a}ticas},
  publisher = {Instituto Polit{\'e}cnico Nacional},
  year = {1980},
  author = {Struik, D.J. and Noriega, P.L.},
  series = {Ciencia y T{\'e}cnica},
  isbn = {9789682910456},
  owner = {Pamela},
  timestamp = {2012.12.01},
  url = {http://books.google.com.ar/books?id=sAa7YgEACAAJ}
}

@BOOK{urbaneja2003origenes,
  title = {Los Or{\'\i}genes de la geometr{\'\i}a anal{\'\i}tica},
  publisher = {Fundaci{\'o}n Canaria Orotava de Historia de la Ciencia},
  year = {2003},
  author = {Urbaneja, P.M.G. and Fundaci{\'o}n Canaria Orotava de Historia de laCiencia},
  series = {Materiales de historia de la ciencia},
  isbn = {9788460796688},
  url = {http://books.google.com.ar/books?id=ZtSqkQ-TWKcC}
}

@ARTICLE{Aguilera2010,
  author = {Aguilera, N.},
  title = {Geometr{\'\i}a Eucl{\'\i}dea Plana. Inversi{\'o}n},
  journal = {Recuperado de http://www.santafe-conicet.gov.ar/~aguilera/apuntes/geometria2010/inversion.pdf},
  year = {2010},
  volume = {1},
  pages = {1-11},
  owner = {Silvia},
  timestamp = {2012.12.10}
}

@ARTICLE{Tarrida2010Geometria,
  author = {Tarrida, Agust{\'\i} Revent{\'o}s},
  title = {Geometr{\'\i}a Inversiva},
  url = {mat.uab.es/~agusti/geoinvcas.pdf}
}

@ARTICLE{Capitan2009Inversion,
  author = {Capit{\'a}n, Francisco J. Garc{\Â´\i}a} ,
  title = {Inversi{\'o}n en Olimpiadas},
  journal = {Recuperado de http://www.oei.es/oim/numero27/probinv.pdf},
  year = {2009},
  volume = {1},
  pages = {6},
  owner = {Silvia},
  timestamp = {2012.12.10}
}

@book{efimov1984geometria,
  title = {Geometr{\'\i}a superior},
  author = {Efimov, N.V.},
  url = {http://books.google.com.ar/books?id=-eD-uAAACAAJ},
  year = {1984},
  publisher = {Mir}
}

@book{vera1978cientificos,
  title = {Cient{\'\i}ficos griegos},
  author = {Vera, F.},
  url = {http://books.google.com.ar/books?id=qOE\_nwEACAAJ},
  year = {1978},
  publisher = {ediciones Aguilar}
}

@Webpage{vera1970cientificos,
  title = {Or{\'\i}genes de la Geometr{\'\i}a Proyectiva},
  author = {Alonso, Mar{\'\i}a Emilia},
  url = {http://books.google.com.ar/books?id=jK1JcgAACAAJ},
  year = {1970},
  publisher = {Aguilar}
}

@MISC{CerizolaDesarrollo,
  title = {Desarrollo del Pensamiento geom{\'e}trico en el futuro Profesor de Matem{\'a}tica},
  note = {Recuperado de www.famaf.unc.edu.ar/~revm/Cerizola1-2.pdf}, 
  year = {2006},
  author = {Cerizola, N. and Mart{\'\i}nez, R. and Min{\'\i}, M.},
  url = {www.famaf.unc.edu.ar/~revm/Cerizola1-2.pdf}  
}

@MISC{VilumbralesGeometria,
  title = {Geometr{\'\i}a inversiva},
  note = {Recuperado de http://divulgamat2.ehu.es/divulgamat15/index.php},
  year = {2006},
  author = {Vilumbrales, Luis U.},
  url = {http://divulgamat2.ehu.es/divulgamat15/index.php}
}
@MISC{Vicente2004Cien,
  title = {Cien a{\~n}os de la Conjetura de Poincar{\'e}},
  note = {Recuperado de http://www.mat.ucm.es/~vmunozve/Cien.pdf},  
  year = {2004},
  author = {Mu{\~n}oz, Vicente},
  url = {http://www.mat.ucm.es/~vmunozve/Cien.pdf}
}
@MISC{MuszkatsElmodelo,
  title = {El modelo de Poincar{\'e} de la geometr{\'i}a hiperb{\'o}lica: una exposici{\'o}n mediante el c{\'a}lculo de variaciones},
  year = {2012},  
  author = {Muszkats, Juan Pablo}
}
@ARTICLE{Sangari2012Genesis,
  author = {S{\'a}ngari, Antonio},
  title = {G{\'e}nesis de una transformaci{\'o}n conforme},
  year = {2012},
  journal = {Presentaci{\'o}n en la Reuni{\'o}n de Educaci{\'o}n Matem{\'a}tica-C{\'o}rdoba 2012}
}
@book{santalo1993geometria,
  title={La Geometr{\'\i}a en la formaci{\'o}n de profesores},
  author={Santal{\'o}, L.A.},
  url={http://books.google.com.ar/books?id=9GJdMwEACAAJ},
  year={1993},
  publisher={Red Ol{\'\i}mpica}
}
@MISC{Nunez2010Apolonio,
  author = {N{\'u}{\~n}ez, C. and Torres, C. and Guti{\'e}rrez, F.},
  title = {Apolonio, Descartes y Steiner en un apretado envase de palmitos},
  year = {2010},
  note = {Recuperado de http://www.sinewton.org},
  url = {http://www.sinewton.org}
}
@MISC{Gil09feuerbach,
  title = {09feuerbach},
  author = {Gil, A. y Mayor, M.},
  year = {2012},
  note = {Recuperado de http://ocw.upm.es/geometria-y-topologia},
  url = {http://ocw.upm.es/geometria-y-topologia}
}
@BOOK{Valdes2008Delas,
  title = {De las cavernas a los fractales},
  publisher = {Editorial Universitaria de la U.T.N.},
  year = {2008},
  author = {Vald{\'e}s, Juan E. N{\'a}polez},
  url = {http://www.edutecne.utn.edu.ar/napoles-valdes/historia_matematica.html}
}
@ARTICLE{Romero2013Elporisma,
  author = {Romero, S. y S{\'a}ngari, A.},
  title = {El Porisma de Steiner como integrador de la geometr{\'\i}a de la inversi{\'o}n},
  journal = {Presentaci{\'o}n en la Reuni{\'o}n de Educaci{\'o}n Matem{\'a}tica-Rosario 2013},
  year = {2013}
}
@book{halmos2017naive,
  title={Naive Set Theory},
  author={Halmos, P.R.},
  isbn={9780486814872},
  lccn={2016043254},
  series={Dover Books on Mathematics},
  url={https://books.google.com.ar/books?id=lgdJDgAAQBAJ},
  year={2017},
  publisher={Dover Publications}
}
@book{margaris1990first,
  title={First Order Mathematical Logic},
  author={Margaris, A.},
  isbn={9780486662695},
  lccn={89029569},
  series={Dover books on advanced mathematics},
  url={https://books.google.com.ar/books?id=q3mObeaklrIC},
  year={1990},
  publisher={Dover Publications}
}

@book{cignoli2016teoriaconj,
  title = {Teor{\'\i}a axiom{\'a}tica de conjuntos: Una introducci{\'o}n},
  author = {Cignoli, R.},
  url = {http://books.google.com.ar/books?id=-eD-uAAACAAJ},
  year = {2016},
  publisher = {Universidad de Buenos Aires.}
}
@book{duval1999semiosis,
  title={Semiosis y pensamiento humano: registros semi{\'o}ticos y aprendizajes intelectuales},
  author={Duval, R.},
  isbn={9789588030234},
  series={Exploration: Serie recherches en sciences de l''ducation},
  url={https://books.google.com.ar/books?id=ToOpAAAACAAJ},
  year={1999},
  publisher={Universidad del Valle}
}
@book{geometria11congeogebra,
  title={Geometr{\'\i}a Euclidiana con GeoGebra},
  author={S{\'a}ngari, A. y Eg{\"u}ez, C.},
  url={},
  year={2021},
  publisher={eUNSa}
}
