@book{boyer1999historia,
	title = {Historia de la matemática : Versión de Mariano Martínez Pérez},
	publisher = {Grupo Anaya Comercial},
	year = {1999},
	author = {Boyer, C.B. and Pérez, M.M.},
	series = {El Libro Universitario - Manuales},
	isbn = {9788420681863},
	url = {http://books.google.com.ar/books?id=rChoPp0lwr8C},
	keywords = {09}
}

@book{margaris1990first,
	title={First Order Mathematical Logic},
	author={Margaris, A.},
	isbn={9780486662695},
	lccn={89029569},
	series={Dover books on advanced mathematics},
	url={https://books.google.com.ar/books?id=q3mObeaklrIC},
	year={1990},
	publisher={Dover Publications},
	keywords = {09}
}

@book{cignoli2016teoriaconj,
	title = {Teoría axiomática de conjuntos: Una introducción},
	author = {Cignoli, R.},
	url = {http://books.google.com.ar/books?id=-eD-uAAACAAJ},
	year = {2016},
	publisher = {Universidad de Buenos Aires.},
	keywords = {09}
}
