@article{antequera2012,
	author    = {Antequera Guerra, A.},
	year      = {2012},
	title     = {Propuesta Educativa para enseñar nociones de Teoría de Juegos en Educación Secundaria},
	journal   = {Números, Revista de didáctica de las matemáticas},
	volume    = {3},
	pages     = {101--126},
	location  = {España},
	keywords  = {08},
}

@article{antequera2003,
	author    = {Antequera Guerra, A. and Espinel Febles, M.},
	year      = {2003},
	title     = {Decisiones estratégicas y de cooperación desde las matemáticas},
	journal   = {Números, Revista de la didáctica de las matemáticas},
	volume    = {53},
	pages     = {15--26},
	location  = {España},
	keywords  = {08},
}

@book{delors1996,
	author    = {Delors, J.},
	year      = {1996},
	title     = {Los cuatro pilares de la educación},
	publisher = {Santillana/UNESCO},
	address   = {Madrid, España},
	pages     = {91--103},
	keywords  = {08},
}

@book{femenia2019,
	author    = {Femenía, D.},
	year      = {2019},
	title     = {Estratégicamente todos ganan},
	publisher = {Ed. Autores de Argentina},
	address   = {San Juan, Argentina},
	keywords  = {08},
}

@book{ministerio2004,
	author    = {Ministro de Educación, Ciencia y Tecnología de la Nación},
	year      = {2004},
	title     = {Juegos en Matemática para EGB 1, 2 y 3. El juego como recurso para aprender. Material para docentes},
	edition   = {Primera Edición},
	publisher = {Ministerio de Educación, Cultura, Ciencia y Tecnología},
	address   = {Ciudad Autónoma de Buenos Aires},
	keywords  = {08},
}
